<?xml version="1.0" encoding="UTF-8"?>
<!DOCTYPE html PUBLIC "-//W3C//DTD XHTML 1.0 Transitional//EN"
    "http://www.w3.org/TR/xhtml1/DTD/xhtml1-transitional.dtd">
<html xmlns="http://www.w3.org/1999/xhtml" xml:lang="en" lang="en">
 <head>
  <title>
</title>
<meta http-equiv="Content-Type" content="text/html;charset=utf-8" />
  <meta name='ocr-system' content='tesseract 3.04.00' />
  <meta name='ocr-capabilities' content='ocr_page ocr_carea ocr_par ocr_line ocrx_word'/>
</head>
<body>
  <div class='ocr_page' id='page_1' title='image "./commentatiohist00zinkgoog_0030.png"; bbox 0 0 4590 5364; ppageno 0'>
   <div class='ocr_carea' id='block_1_1' title="bbox 222 332 1977 633">
    <p class='ocr_par' dir='ltr' id='par_1_1' title="bbox 222 332 1977 633">
     <span class='ocr_line' id='line_1_1' title="bbox 922 332 1282 431; baseline 0.008 -30"><span class='ocrx_word' id='word_1_1' title='bbox 922 332 975 387; x_wconf 74' lang='grc' dir='ltr'><strong>ἰ-ῐ·</strong></span> <span class='ocrx_word' id='word_1_2' title='bbox 1077 350 1125 403; x_wconf 80' lang='lat' dir='ltr'>n</span> <span class='ocrx_word' id='word_1_3' title='bbox 1229 359 1282 431; x_wconf 52' lang='grc' dir='ltr'><strong>ᾗ·</strong></span> 
     </span>
     <span class='ocr_line' id='line_1_2' title="bbox 935 447 985 492; baseline 0 0"><span class='ocrx_word' id='word_1_4' title='bbox 935 447 941 466; x_wconf 82' lang='grc'>’</span> <span class='ocrx_word' id='word_1_5' title='bbox 971 448 985 492; x_wconf 80' lang='grc'>7</span> 
     </span>
     <span class='ocr_line' id='line_1_3' title="bbox 222 525 1977 633; baseline 0.005 -29"><span class='ocrx_word' id='word_1_6' title='bbox 222 546 278 607; x_wconf 81' lang='lat' dir='ltr'><strong>tes</strong></span> <span class='ocrx_word' id='word_1_7' title='bbox 294 528 350 624; x_wconf 81' lang='lat'><strong>¹),</strong></span> <span class='ocrx_word' id='word_1_8' title='bbox 378 554 495 630; x_wconf 85' lang='lat' dir='ltr'><strong>quam</strong></span> <span class='ocrx_word' id='word_1_9' title='bbox 519 554 654 607; x_wconf 82' lang='lat' dir='ltr'><strong>rerum</strong></span> <span class='ocrx_word' id='word_1_10' title='bbox 678 525 744 618; x_wconf 80' lang='lat' dir='ltr'><strong>fir,</strong></span> <span class='ocrx_word' id='word_1_11' title='bbox 773 530 937 631; x_wconf 77' lang='lat' dir='ltr'><strong>quisque</strong></span> <span class='ocrx_word' id='word_1_12' title='bbox 963 533 1176 633; x_wconf 80' lang='lat' dir='ltr'>intelliget,</span> <span class='ocrx_word' id='word_1_13' title='bbox 1217 531 1287 631; x_wconf 87' lang='lat' dir='ltr'><strong>qui</strong></span> <span class='ocrx_word' id='word_1_14' title='bbox 1311 532 1376 606; x_wconf 82' lang='lat' dir='ltr'><strong>rcl</strong></span> <span class='ocrx_word' id='word_1_15' title='bbox 1400 534 1632 609; x_wconf 78' lang='lat' dir='ltr'><strong>mediocrem</strong></span> <span class='ocrx_word' id='word_1_16' title='bbox 1659 551 1822 612; x_wconf 85' lang='lat' dir='ltr'><strong>tautum·</strong></span> <span class='ocrx_word' id='word_1_17' title='bbox 1838 538 1977 612; x_wconf 88' lang='lat' dir='ltr'><strong>harum</strong></span> 
     </span>
    </p>
   </div>
   <div class='ocr_carea' id='block_1_2' title="bbox 89 649 1976 755">
    <p class='ocr_par' dir='ltr' id='par_1_2' title="bbox 89 649 1976 755">
     <span class='ocr_line' id='line_1_4' title="bbox 89 649 1976 755; baseline 0.004 -33"><span class='ocrx_word' id='word_1_18' title='bbox 89 706 90 711; x_wconf 65' lang='lat'><strong>,</strong></span> <span class='ocrx_word' id='word_1_19' title='bbox 219 653 352 749; x_wconf 85' lang='lat' dir='ltr'><strong>legum</strong></span> <span class='ocrx_word' id='word_1_20' title='bbox 377 649 447 723; x_wconf 84' lang='lat' dir='ltr'><strong>fibi</strong></span> <span class='ocrx_word' id='word_1_21' title='bbox 473 649 748 746; x_wconf 78' lang='lat' dir='ltr'>comparaverit</span> <span class='ocrx_word' id='word_1_22' title='bbox 771 652 966 724; x_wconf 80' lang='lat' dir='ltr'><strong>notitiam.</strong></span> <span class='ocrx_word' id='word_1_23' title='bbox 1021 658 1124 725; x_wconf 89' lang='lat' dir='ltr'><strong>Haec</strong></span> <span class='ocrx_word' id='word_1_24' title='bbox 1158 653 1332 726; x_wconf 81' lang='lat' dir='ltr'>Libertas</span> <span class='ocrx_word' id='word_1_25' title='bbox 1359 678 1450 739; x_wconf 80' lang='lat' dir='ltr'><strong>vero</strong></span> <span class='ocrx_word' id='word_1_26' title='bbox 1478 655 1705 752; x_wconf 89' lang='lat' dir='ltr'><strong>neutiquam</strong></span> <span class='ocrx_word' id='word_1_27' title='bbox 1730 659 1805 730; x_wconf 85' lang='lat' dir='ltr'><strong>tale</strong></span> <span class='ocrx_word' id='word_1_28' title='bbox 1831 656 1976 755; x_wconf 83' lang='lat' dir='ltr'><strong>suppli·</strong></span> 
     </span>
    </p>
   </div>
   <div class='ocr_carea' id='block_1_3' title="bbox 220 766 1978 1342">
    <p class='ocr_par' dir='ltr' id='par_1_3' title="bbox 220 766 1978 1342">
     <span class='ocr_line' id='line_1_5' title="bbox 222 766 1976 875; baseline 0.002 -33"><span class='ocrx_word' id='word_1_29' title='bbox 222 769 326 842; x_wconf 88' lang='lat' dir='ltr'><strong>cium</strong></span> <span class='ocrx_word' id='word_1_30' title='bbox 352 767 544 875; x_wconf 85' lang='lat' dir='ltr'><strong>permifit,</strong></span> <span class='ocrx_word' id='word_1_31' title='bbox 571 769 677 866; x_wconf 91' lang='lat' dir='ltr'><strong>quod</strong></span> <span class='ocrx_word' id='word_1_32' title='bbox 703 770 829 842; x_wconf 79' lang='lat' dir='ltr'><strong>omne&#39;</strong></span> <span class='ocrx_word' id='word_1_33' title='bbox 843 769 1032 843; x_wconf 83' lang='lat' dir='ltr'><strong>libertatis</strong></span> <span class='ocrx_word' id='word_1_34' title='bbox 1060 766 1263 869; x_wconf 83' lang='lat' dir='ltr'><strong>vestigium</strong></span> <span class='ocrx_word' id='word_1_35' title='bbox 1287 768 1488 845; x_wconf 79' lang='lat' dir='ltr'><strong>neceffario</strong></span> <span class='ocrx_word' id='word_1_36' title='bbox 1515 771 1697 849; x_wconf 81' lang='lat' dir='ltr'><strong>deleverit</strong></span> <span class='ocrx_word' id='word_1_37' title='bbox 1710 802 1722 860; x_wconf 80' lang='lat'>3</span> <span class='ocrx_word' id='word_1_38' title='bbox 1758 793 1797 847; x_wconf 89' lang='lat' dir='ltr'><strong>et</strong></span> <span class='ocrx_word' id='word_1_39' title='bbox 1822 801 1862 847; x_wconf 90' lang='lat' dir='ltr'><strong>re</strong></span> <span class='ocrx_word' id='word_1_40' title='bbox 1887 798 1976 848; x_wconf 87' lang='lat' dir='ltr'><strong>vera</strong></span> 
     </span>
     <span class='ocr_line' id='line_1_6' title="bbox 221 874 1975 988; baseline 0.002 -28"><span class='ocrx_word' id='word_1_41' title='bbox 221 893 455 961; x_wconf 85' lang='lat' dir='ltr'><strong>Francorum</strong></span> <span class='ocrx_word' id='word_1_42' title='bbox 480 887 582 986; x_wconf 80' lang='lat' dir='ltr'><strong>leges</strong></span> <span class='ocrx_word' id='word_1_43' title='bbox 608 910 716 975; x_wconf 89' lang='lat' dir='ltr'><strong>non,</strong></span> <span class='ocrx_word' id='word_1_44' title='bbox 742 886 816 961; x_wconf 81' lang='lat' dir='ltr'><strong>nifi</strong></span> <span class='ocrx_word' id='word_1_45' title='bbox 842 912 998 984; x_wconf 90' lang='lat' dir='ltr'><strong>perraro</strong></span> <span class='ocrx_word' id='word_1_46' title='bbox 1022 889 1159 974; x_wconf 82' lang='lat' dir='ltr'><strong>mortis</strong></span> <span class='ocrx_word' id='word_1_47' title='bbox 1185 889 1422 986; x_wconf 75' lang='lat' dir='ltr'><strong>supplicirun</strong></span> <span class='ocrx_word' id='word_1_48' title='bbox 1448 884 1680 988; x_wconf 74' lang='lat' dir='ltr'><strong>flagitant2).</strong></span> <span class='ocrx_word' id='word_1_49' title='bbox 1733 899 1834 964; x_wconf 87' lang='lat' dir='ltr'><strong>Nam</strong></span> <span class='ocrx_word' id='word_1_50' title='bbox 1859 874 1975 964; x_wconf 82' lang='lat' dir='ltr'><strong>Fran·</strong></span> 
     </span>
     <span class='ocr_line' id='line_1_7' title="bbox 222 987 1976 1106; baseline 0.002 -29"><span class='ocrx_word' id='word_1_51' title='bbox 222 1029 356 1078; x_wconf 88' lang='lat' dir='ltr'><strong>corum</strong></span> <span class='ocrx_word' id='word_1_52' title='bbox 380 1007 483 1103; x_wconf 80' lang='lat' dir='ltr'><strong>leges</strong></span> <span class='ocrx_word' id='word_1_53' title='bbox 508 1005 553 1078; x_wconf 88' lang='lat' dir='ltr'><strong>in</strong></span> <span class='ocrx_word' id='word_1_54' title='bbox 580 1005 806 1079; x_wconf 72' lang='lat' dir='ltr'><strong>criminibus</strong></span> <span class='ocrx_word' id='word_1_55' title='bbox 832 987 1044 1102; x_wconf 77' lang='lat' dir='ltr'><strong>puniendis</strong></span> <span class='ocrx_word' id='word_1_56' title='bbox 1078 1032 1163 1079; x_wconf 88' lang='lat' dir='ltr'><strong>non</strong></span> <span class='ocrx_word' id='word_1_57' title='bbox 1189 1027 1269 1079; x_wconf 88' lang='lat' dir='ltr'><strong>tam</strong></span> <span class='ocrx_word' id='word_1_58' title='bbox 1295 1010 1477 1096; x_wconf 89' lang='lat' dir='ltr'><strong>adeum,</strong></span> <span class='ocrx_word' id='word_1_59' title='bbox 1513 1009 1583 1105; x_wconf 91' lang='lat' dir='ltr'><strong>qui</strong></span> <span class='ocrx_word' id='word_1_60' title='bbox 1611 1009 1757 1082; x_wconf 83' lang='lat' dir='ltr'><strong>crimen</strong></span> <span class='ocrx_word' id='word_1_61' title='bbox 1783 1009 1976 1106; x_wconf 79' lang='lat' dir='ltr'><strong>quoddam</strong></span> 
     </span>
     <span class='ocr_line' id='line_1_8' title="bbox 221 1116 1975 1223; baseline 0.002 -26"><span class='ocrx_word' id='word_1_62' title='bbox 221 1116 472 1208; x_wconf 84' lang='lat' dir='ltr'><strong>commiserit,</strong></span> <span class='ocrx_word' id='word_1_63' title='bbox 501 1147 615 1219; x_wconf 87' lang='lat' dir='ltr'><strong>quam</strong></span> <span class='ocrx_word' id='word_1_64' title='bbox 641 1125 689 1195; x_wconf 90' lang='lat' dir='ltr'><strong>ad</strong></span> <span class='ocrx_word' id='word_1_65' title='bbox 715 1126 861 1196; x_wconf 84' lang='lat' dir='ltr'><strong>crimen</strong></span> <span class='ocrx_word' id='word_1_66' title='bbox 886 1125 1026 1221; x_wconf 82' lang='lat' dir='ltr'><strong>ipsum,</strong></span> <span class='ocrx_word' id='word_1_67' title='bbox 1053 1127 1189 1223; x_wconf 88' lang='lat' dir='ltr'><strong>quanti</strong></span> <span class='ocrx_word' id='word_1_68' title='bbox 1215 1125 1435 1200; x_wconf 86' lang='lat' dir='ltr'><strong>faciendum</strong></span> <span class='ocrx_word' id='word_1_69' title='bbox 1460 1125 1526 1215; x_wconf 85' lang='lat' dir='ltr'><strong>fit,</strong></span> <span class='ocrx_word' id='word_1_70' title='bbox 1564 1126 1744 1222; x_wconf 85' lang='lat' dir='ltr'><strong>spectare,</strong></span> <span class='ocrx_word' id='word_1_71' title='bbox 1770 1152 1886 1200; x_wconf 90' lang='lat' dir='ltr'><strong>nemo</strong></span> <span class='ocrx_word' id='word_1_72' title='bbox 1914 1120 1975 1214; x_wconf 83' lang='lat' dir='ltr'><strong>est,</strong></span> 
     </span>
     <span class='ocr_line' id='line_1_9' title="bbox 220 1227 1978 1342; baseline 0.002 -29"><span class='ocrx_word' id='word_1_73' title='bbox 220 1239 289 1337; x_wconf 89' lang='lat' dir='ltr'><strong>qui</strong></span> <span class='ocrx_word' id='word_1_74' title='bbox 314 1227 471 1342; x_wconf 77' lang='lat' dir='ltr'><strong>nesciat.</strong></span> <span class='ocrx_word' id='word_1_75' title='bbox 533 1241 719 1339; x_wconf 76' lang='lat' dir='ltr'><strong>Quocirca</strong></span> <span class='ocrx_word' id='word_1_76' title='bbox 754 1240 864 1316; x_wconf 85' lang='lat' dir='ltr'><strong>ficuti</strong></span> <span class='ocrx_word' id='word_1_77' title='bbox 898 1245 1002 1338; x_wconf 87' lang='lat' dir='ltr'><strong>apud</strong></span> <span class='ocrx_word' id='word_1_78' title='bbox 1027 1261 1174 1318; x_wconf 83' lang='lat' dir='ltr'><strong>veteres</strong></span> <span class='ocrx_word' id='word_1_79' title='bbox 1212 1251 1422 1320; x_wconf 86' lang='lat' dir='ltr'><strong>Germanos</strong></span> <span class='ocrx_word' id='word_1_80' title='bbox 1449 1246 1576 1341; x_wconf 83' lang='lat' dir='ltr'><strong>ipsum</strong></span> <span class='ocrx_word' id='word_1_81' title='bbox 1601 1245 1804 1318; x_wconf 86' lang='lat' dir='ltr'><strong>homicidii</strong></span> <span class='ocrx_word' id='word_1_82' title='bbox 1831 1245 1978 1316; x_wconf 87' lang='lat' dir='ltr'><strong>crimen</strong></span> 
     </span>
    </p>
   </div>
   <div class='ocr_carea' id='block_1_4' title="bbox 108 1355 1978 1460">
    <p class='ocr_par' dir='ltr' id='par_1_4' title="bbox 108 1355 1978 1460">
     <span class='ocr_line' id='line_1_10' title="bbox 108 1355 1978 1460; baseline 0.002 -30"><span class='ocrx_word' id='word_1_83' title='bbox 108 1360 117 1374; x_wconf 85' lang='lat'><strong><em>‘</em></strong></span> <span class='ocrx_word' id='word_1_84' title='bbox 182 1363 184 1366; x_wconf 63' lang='lat'>‘</span> <span class='ocrx_word' id='word_1_85' title='bbox 221 1377 323 1453; x_wconf 85' lang='lat' dir='ltr'><strong>certo</strong></span> <span class='ocrx_word' id='word_1_86' title='bbox 362 1360 530 1456; x_wconf 88' lang='lat' dir='ltr'><strong>quodam</strong></span> <span class='ocrx_word' id='word_1_87' title='bbox 564 1374 830 1451; x_wconf 72' lang='lat' dir='ltr'><strong>armentorum</strong></span> <span class='ocrx_word' id='word_1_88' title='bbox 862 1385 904 1434; x_wconf 91' lang='lat' dir='ltr'><strong>ac</strong></span> <span class='ocrx_word' id='word_1_89' title='bbox 940 1385 1124 1457; x_wconf 82' lang='lat' dir='ltr'><strong>pecorruu</strong></span> <span class='ocrx_word' id='word_1_90' title='bbox 1156 1387 1323 1435; x_wconf 88' lang='lat' dir='ltr'><strong>nunrero</strong></span> <span class='ocrx_word' id='word_1_91' title='bbox 1356 1364 1416 1436; x_wconf 91' lang='lat' dir='ltr'><strong>lui</strong></span> <span class='ocrx_word' id='word_1_92' title='bbox 1443 1355 1655 1455; x_wconf 69' lang='lat' dir='ltr'><strong>solebat3),</strong></span> <span class='ocrx_word' id='word_1_93' title='bbox 1691 1363 1747 1435; x_wconf 82' lang='lat' dir='ltr'><strong>ita</strong></span> <span class='ocrx_word' id='word_1_94' title='bbox 1773 1387 1820 1436; x_wconf 86' lang='lat' dir='ltr'><strong>ex</strong></span> <span class='ocrx_word' id='word_1_95' title='bbox 1846 1364 1978 1460; x_wconf 84' lang='lat' dir='ltr'><strong>legum</strong></span> 
     </span>
    </p>
   </div>
   <div class='ocr_carea' id='block_1_5' title="bbox 172 1476 2081 3341">
    <p class='ocr_par' dir='ltr' id='par_1_5' title="bbox 172 1476 2081 3341">
     <span class='ocr_line' id='line_1_11' title="bbox 219 1476 1976 1577; baseline 0.001 -28"><span class='ocrx_word' id='word_1_96' title='bbox 219 1477 487 1550; x_wconf 87' lang='lat' dir='ltr'><strong>Francicarum</strong></span> <span class='ocrx_word' id='word_1_97' title='bbox 512 1476 741 1563; x_wconf 83' lang='lat' dir='ltr'><strong>conditione</strong></span> <span class='ocrx_word' id='word_1_98' title='bbox 757 1477 1015 1577; x_wconf 88' lang='lat' dir='ltr'><strong>quodcunque</strong></span> <span class='ocrx_word' id='word_1_99' title='bbox 1049 1482 1207 1567; x_wconf 88' lang='lat' dir='ltr'><strong>crimen,</strong></span> <span class='ocrx_word' id='word_1_100' title='bbox 1243 1480 1319 1554; x_wconf 82' lang='lat' dir='ltr'><strong>five</strong></span> <span class='ocrx_word' id='word_1_101' title='bbox 1345 1479 1505 1555; x_wconf 87' lang='lat' dir='ltr'><strong>minimi</strong></span> <span class='ocrx_word' id='word_1_102' title='bbox 1531 1479 1650 1553; x_wconf 89' lang='lat' dir='ltr'><strong>fuerit</strong></span> <span class='ocrx_word' id='word_1_103' title='bbox 1676 1482 1873 1576; x_wconf 85' lang='lat' dir='ltr'><strong>ponderis,</strong></span> <span class='ocrx_word' id='word_1_104' title='bbox 1901 1478 1976 1553; x_wconf 79' lang='lat' dir='ltr'><strong>sive</strong></span> 
     </span>
     <span class='ocr_line' id='line_1_12' title="bbox 220 1590 1978 1704; baseline 0.002 -38"><span class='ocrx_word' id='word_1_105' title='bbox 220 1595 347 1691; x_wconf 82' lang='lat' dir='ltr'><strong>ipsum</strong></span> <span class='ocrx_word' id='word_1_106' title='bbox 373 1590 665 1669; x_wconf 86' lang='lat' dir='ltr'><strong>crudeliilimum</strong></span> <span class='ocrx_word' id='word_1_107' title='bbox 689 1596 958 1684; x_wconf 88' lang='lat' dir='ltr'><strong>homicidium,</strong></span> <span class='ocrx_word' id='word_1_108' title='bbox 986 1621 1057 1692; x_wconf 90' lang='lat' dir='ltr'><strong>pro</strong></span> <span class='ocrx_word' id='word_1_109' title='bbox 1080 1597 1214 1696; x_wconf 83' lang='lat' dir='ltr'><strong>damni</strong></span> <span class='ocrx_word' id='word_1_110' title='bbox 1240 1598 1510 1696; x_wconf 81' lang='lat' dir='ltr'><strong>magnitudine</strong></span> <span class='ocrx_word' id='word_1_111' title='bbox 1536 1599 1747 1671; x_wconf 84' lang='lat' dir='ltr'><strong>solidorum</strong></span> <span class='ocrx_word' id='word_1_112' title='bbox 1765 1618 1878 1704; x_wconf 90' lang='lat' dir='ltr'><strong>certo</strong></span> <span class='ocrx_word' id='word_1_113' title='bbox 1904 1623 1978 1671; x_wconf 88' lang='lat' dir='ltr'><strong>nu·</strong></span> 
     </span>
     <span class='ocr_line' id='line_1_13' title="bbox 218 1691 1976 1845; baseline 0.001 -60"><span class='ocrx_word' id='word_1_114' title='bbox 218 1737 325 1786; x_wconf 88' lang='lat' dir='ltr'><strong>mero</strong></span> <span class='ocrx_word' id='word_1_115' title='bbox 347 1703 721 1810; x_wconf 75' lang='lat' dir='ltr'><strong>compensabatur4).</strong></span> <span class='ocrx_word' id='word_1_116' title='bbox 744 1716 900 1845; x_wconf 78' lang='lat' dir='ltr'><strong>Quam</strong></span> <span class='ocrx_word' id='word_1_117' title='bbox 921 1717 1077 1809; x_wconf 85' lang='lat' dir='ltr'><strong>quidem</strong></span> <span class='ocrx_word' id='word_1_118' title='bbox 1104 1691 1456 1810; x_wconf 85' lang='lat' dir='ltr'><strong>compensationem</strong></span> <span class='ocrx_word' id='word_1_119' title='bbox 1483 1714 1640 1786; x_wconf 85' lang='lat' dir='ltr'><strong>Tacitus</strong></span> <span class='ocrx_word' id='word_1_120' title='bbox 1660 1716 1976 1802; x_wconf 83' lang='lat' dir='ltr'><strong>satisfactionem,</strong></span> 
     </span>
     <span class='ocr_line' id='line_1_14' title="bbox 216 1825 1976 1924; baseline 0.001 -21"><span class='ocrx_word' id='word_1_121' title='bbox 216 1835 281 1903; x_wconf 83' lang='lat' dir='ltr'><strong>lex</strong></span> <span class='ocrx_word' id='word_1_122' title='bbox 306 1834 427 1907; x_wconf 82' lang='lat' dir='ltr'><strong>Salica</strong></span> <span class='ocrx_word' id='word_1_123' title='bbox 453 1848 581 1903; x_wconf 87' lang='lat' dir='ltr'><strong>autem</strong></span> <span class='ocrx_word' id='word_1_124' title='bbox 606 1844 644 1898; x_wconf 89' lang='lat' dir='ltr'><strong>et</strong></span> <span class='ocrx_word' id='word_1_125' title='bbox 668 1827 788 1899; x_wconf 88' lang='lat' dir='ltr'><strong>medii</strong></span> <span class='ocrx_word' id='word_1_126' title='bbox 814 1830 899 1902; x_wconf 80' lang='lat' dir='ltr'><strong>aevi</strong></span> <span class='ocrx_word' id='word_1_127' title='bbox 929 1829 1132 1923; x_wconf 84' lang='lat' dir='ltr'><strong>scriptores</strong></span> <span class='ocrx_word' id='word_1_128' title='bbox 1159 1828 1476 1924; x_wconf 86' lang='lat' dir='ltr'><strong>compofitionem</strong></span> <span class='ocrx_word' id='word_1_129' title='bbox 1500 1849 1643 1902; x_wconf 83' lang='lat' dir='ltr'><strong>vocant</strong></span> <span class='ocrx_word' id='word_1_130' title='bbox 1661 1825 1709 1921; x_wconf 83' lang='lat'><strong>³).</strong></span> <span class='ocrx_word' id='word_1_131' title='bbox 1762 1833 1976 1919; x_wconf 87' lang='lat' dir='ltr'><strong>Interdum,</strong></span> 
     </span>
     <span class='ocr_line' id='line_1_15' title="bbox 172 1938 2018 2049; baseline -0.002 -25"><span class='ocrx_word' id='word_1_132' title='bbox 172 2000 174 2005; x_wconf 93' lang='lat'>-</span> <span class='ocrx_word' id='word_1_133' title='bbox 219 1947 247 2023; x_wconf 83' lang='lat' dir='ltr'>fi</span> <span class='ocrx_word' id='word_1_134' title='bbox 273 1951 359 2047; x_wconf 88' lang='lat' dir='ltr'><strong>quis</strong></span> <span class='ocrx_word' id='word_1_135' title='bbox 384 1973 572 2049; x_wconf 84' lang='lat' dir='ltr'><strong>magnum</strong></span> <span class='ocrx_word' id='word_1_136' title='bbox 598 1941 790 2039; x_wconf 89' lang='lat' dir='ltr'><strong>quoddam</strong></span> <span class='ocrx_word' id='word_1_137' title='bbox 816 1947 963 2025; x_wconf 81' lang='lat' dir='ltr'><strong>crimen</strong></span> <span class='ocrx_word' id='word_1_138' title='bbox 990 1944 1254 2034; x_wconf 85' lang='lat' dir='ltr'><strong>commiserat,</strong></span> <span class='ocrx_word' id='word_1_139' title='bbox 1275 1969 1410 2042; x_wconf 88' lang='lat' dir='ltr'><strong>campo</strong></span> <span class='ocrx_word' id='word_1_140' title='bbox 1438 1938 1747 2023; x_wconf 80' lang='lat' dir='ltr'><strong>diiudicabatttr⁶</strong></span> <span class='ocrx_word' id='word_1_141' title='bbox 1745 1951 1781 2039; x_wconf 90' lang='lat'><strong>),</strong></span> <span class='ocrx_word' id='word_1_142' title='bbox 1803 1973 1850 2021; x_wconf 93' lang='lat' dir='ltr'><strong>eo</strong></span> <span class='ocrx_word' id='word_1_143' title='bbox 1877 1946 1981 2046; x_wconf 83' lang='lat' dir='ltr'><strong>quast</strong></span> <span class='ocrx_word' id='word_1_144' title='bbox 2009 1988 2018 2001; x_wconf 89' lang='lat'><strong>·</strong></span> 
     </span>
     <span class='ocr_line' id='line_1_16' title="bbox 220 2062 1978 2164; baseline -0.001 -25"><span class='ocrx_word' id='word_1_145' title='bbox 220 2065 400 2154; x_wconf 77' lang='lat' dir='ltr'><strong>consilio,</strong></span> <span class='ocrx_word' id='word_1_146' title='bbox 433 2087 480 2140; x_wconf 90' lang='lat' dir='ltr'><strong>ut</strong></span> <span class='ocrx_word' id='word_1_147' title='bbox 504 2071 642 2145; x_wconf 83' lang='lat' dir='ltr'><strong>divino</strong></span> <span class='ocrx_word' id='word_1_148' title='bbox 667 2062 827 2139; x_wconf 84' lang='lat' dir='ltr'><strong>numini</strong></span> <span class='ocrx_word' id='word_1_149' title='bbox 852 2064 1042 2137; x_wconf 90' lang='lat' dir='ltr'><strong>iudicium</strong></span> <span class='ocrx_word' id='word_1_150' title='bbox 1076 2066 1383 2160; x_wconf 77' lang='lat' dir='ltr'><strong>permitteretur3</strong></span> <span class='ocrx_word' id='word_1_151' title='bbox 1422 2088 1673 2164; x_wconf 87' lang='lat' dir='ltr'><strong>pemragnam</strong></span> <span class='ocrx_word' id='word_1_152' title='bbox 1709 2092 1864 2164; x_wconf 86' lang='lat' dir='ltr'><strong>quoque</strong></span> <span class='ocrx_word' id='word_1_153' title='bbox 1887 2090 1978 2162; x_wconf 87' lang='lat' dir='ltr'><strong>poe·</strong></span> 
     </span>
     <span class='ocr_line' id='line_1_17' title="bbox 217 2174 2081 2286; baseline -0.002 -28"><span class='ocrx_word' id='word_1_154' title='bbox 217 2211 328 2272; x_wconf 88' lang='lat' dir='ltr'><strong>nam,</strong></span> <span class='ocrx_word' id='word_1_155' title='bbox 364 2184 393 2260; x_wconf 85' lang='lat' dir='ltr'><strong>ii</strong></span> <span class='ocrx_word' id='word_1_156' title='bbox 425 2186 516 2260; x_wconf 88' lang='lat' dir='ltr'><strong>haec</strong></span> <span class='ocrx_word' id='word_1_157' title='bbox 542 2212 669 2286; x_wconf 85' lang='lat' dir='ltr'><strong>poena</strong></span> <span class='ocrx_word' id='word_1_158' title='bbox 693 2209 739 2261; x_wconf 88' lang='lat' dir='ltr'><strong>ac</strong></span> <span class='ocrx_word' id='word_1_159' title='bbox 762 2207 846 2258; x_wconf 88' lang='lat' dir='ltr'><strong>nou</strong></span> <span class='ocrx_word' id='word_1_160' title='bbox 869 2183 1003 2279; x_wconf 85' lang='lat' dir='ltr'><strong>potius</strong></span> <span class='ocrx_word' id='word_1_161' title='bbox 1030 2181 1250 2282; x_wconf 85' lang='lat' dir='ltr'><strong>ignominia</strong></span> <span class='ocrx_word' id='word_1_162' title='bbox 1275 2182 1450 2256; x_wconf 84' lang='lat' dir='ltr'><strong>habenda</strong></span> <span class='ocrx_word' id='word_1_163' title='bbox 1477 2178 1548 2270; x_wconf 85' lang='lat' dir='ltr'><strong>est,</strong></span> <span class='ocrx_word' id='word_1_164' title='bbox 1576 2183 1738 2270; x_wconf 87' lang='lat' dir='ltr'><strong>„barbae</strong></span> <span class='ocrx_word' id='word_1_165' title='bbox 1764 2183 1976 2259; x_wconf 85' lang='lat' dir='ltr'><strong>rafionem“</strong></span> <span class='ocrx_word' id='word_1_166' title='bbox 2078 2174 2081 2205; x_wconf 83' lang='lat'><strong>¹</strong></span> 
     </span>
     <span class='ocr_line' id='line_1_18' title="bbox 216 2295 2055 2403; baseline 0 -26"><span class='ocrx_word' id='word_1_167' title='bbox 216 2302 328 2377; x_wconf 81' lang='lat' dir='ltr'><strong>fuiffa</strong></span> <span class='ocrx_word' id='word_1_168' title='bbox 353 2300 462 2378; x_wconf 86' lang='lat' dir='ltr'><strong>affert</strong></span> <span class='ocrx_word' id='word_1_169' title='bbox 489 2304 681 2382; x_wconf 81' lang='lat' dir='ltr'><strong>Gestarum</strong></span> <span class='ocrx_word' id='word_1_170' title='bbox 706 2302 918 2403; x_wconf 85' lang='lat' dir='ltr'><strong>Dagoberti</strong></span> <span class='ocrx_word' id='word_1_171' title='bbox 943 2305 962 2372; x_wconf 95' lang='lat'>1</span> <span class='ocrx_word' id='word_1_172' title='bbox 988 2318 1121 2374; x_wconf 89' lang='lat' dir='ltr'><strong>auctor</strong></span> <span class='ocrx_word' id='word_1_173' title='bbox 1132 2295 1188 2392; x_wconf 87' lang='lat'><strong>⁷),</strong></span> <span class='ocrx_word' id='word_1_174' title='bbox 1224 2319 1262 2374; x_wconf 89' lang='lat' dir='ltr'><strong>et</strong></span> <span class='ocrx_word' id='word_1_175' title='bbox 1297 2302 1352 2374; x_wconf 90' lang='lat' dir='ltr'><strong>ita</strong></span> <span class='ocrx_word' id='word_1_176' title='bbox 1378 2300 1476 2373; x_wconf 86' lang='lat' dir='ltr'><strong>aliae</strong></span> <span class='ocrx_word' id='word_1_177' title='bbox 1501 2303 1646 2374; x_wconf 85' lang='lat' dir='ltr'><strong>multae</strong></span> <span class='ocrx_word' id='word_1_178' title='bbox 1673 2326 1977 2377; x_wconf 85' lang='lat' dir='ltr'><strong>commemoran-</strong></span> <span class='ocrx_word' id='word_1_179' title='bbox 2052 2358 2055 2363; x_wconf 86' lang='lat'>-</span> 
     </span>
     <span class='ocr_line' id='line_1_19' title="bbox 176 2415 1977 2519; baseline -0.001 -24"><span class='ocrx_word' id='word_1_180' title='bbox 176 2503 180 2513; x_wconf 32' lang='lat'><strong>¹</strong></span> <span class='ocrx_word' id='word_1_181' title='bbox 218 2442 283 2496; x_wconf 90' lang='lat' dir='ltr'><strong>tur</strong></span> <span class='ocrx_word' id='word_1_182' title='bbox 307 2423 603 2519; x_wconf 84' lang='lat' dir='ltr'><strong>ascriptoribus</strong></span> <span class='ocrx_word' id='word_1_183' title='bbox 629 2446 787 2519; x_wconf 81' lang='lat' dir='ltr'><strong>poenae,</strong></span> <span class='ocrx_word' id='word_1_184' title='bbox 815 2443 912 2514; x_wconf 88' lang='lat' dir='ltr'><strong>quae</strong></span> <span class='ocrx_word' id='word_1_185' title='bbox 940 2441 1074 2488; x_wconf 84' lang='lat' dir='ltr'><strong>omnes</strong></span> <span class='ocrx_word' id='word_1_186' title='bbox 1102 2443 1149 2488; x_wconf 83' lang='lat' dir='ltr'><strong>ex</strong></span> <span class='ocrx_word' id='word_1_187' title='bbox 1175 2418 1333 2514; x_wconf 85' lang='lat' dir='ltr'><strong>ingenio</strong></span> <span class='ocrx_word' id='word_1_188' title='bbox 1360 2435 1398 2488; x_wconf 93' lang='lat' dir='ltr'><strong>et</strong></span> <span class='ocrx_word' id='word_1_189' title='bbox 1424 2437 1506 2490; x_wconf 89' lang='lat' dir='ltr'><strong>tota</strong></span> <span class='ocrx_word' id='word_1_190' title='bbox 1532 2415 1691 2501; x_wconf 66' lang='lat' dir='ltr'><strong>vivendi</strong></span> <span class='ocrx_word' id='word_1_191' title='bbox 1713 2421 1864 2493; x_wconf 87' lang='lat' dir='ltr'><strong>ratione</strong></span> <span class='ocrx_word' id='word_1_192' title='bbox 1884 2445 1977 2519; x_wconf 82' lang='lat' dir='ltr'><strong>gen·</strong></span> 
     </span>
     <span class='ocr_line' id='line_1_20' title="bbox 220 2530 1978 2631; baseline -0.003 -18"><span class='ocrx_word' id='word_1_193' title='bbox 220 2543 272 2615; x_wconf 88' lang='lat' dir='ltr'><strong>tis</strong></span> <span class='ocrx_word' id='word_1_194' title='bbox 298 2547 534 2613; x_wconf 83' lang='lat' dir='ltr'><strong>Francorum</strong></span> <span class='ocrx_word' id='word_1_195' title='bbox 559 2540 673 2614; x_wconf 83' lang='lat' dir='ltr'><strong>facile</strong></span> <span class='ocrx_word' id='word_1_196' title='bbox 687 2533 882 2631; x_wconf 80' lang='lat' dir='ltr'><strong>explicari</strong></span> <span class='ocrx_word' id='word_1_197' title='bbox 908 2530 1078 2627; x_wconf 81' lang='lat' dir='ltr'><strong>poffunt.</strong></span> <span class='ocrx_word' id='word_1_198' title='bbox 1123 2537 1273 2604; x_wconf 74' lang='lat' dir='ltr'><strong>Contra</strong></span> <span class='ocrx_word' id='word_1_199' title='bbox 1297 2556 1390 2604; x_wconf 86' lang='lat' dir='ltr'><strong>vero</strong></span> <span class='ocrx_word' id='word_1_200' title='bbox 1418 2533 1554 2626; x_wconf 80' lang='lat' dir='ltr'><strong>capitis</strong></span> <span class='ocrx_word' id='word_1_201' title='bbox 1578 2535 1768 2628; x_wconf 87' lang='lat' dir='ltr'><strong>supplicio</strong></span> <span class='ocrx_word' id='word_1_202' title='bbox 1795 2538 1978 2631; x_wconf 86' lang='lat' dir='ltr'><strong>perpauci</strong></span> 
     </span>
     <span class='ocr_line' id='line_1_21' title="bbox 219 2639 1975 2756; baseline -0.003 -25"><span class='ocrx_word' id='word_1_203' title='bbox 219 2675 374 2731; x_wconf 80' lang='lat' dir='ltr'><strong>tantum</strong></span> <span class='ocrx_word' id='word_1_204' title='bbox 396 2655 502 2756; x_wconf 89' lang='lat' dir='ltr'><strong>iique</strong></span> <span class='ocrx_word' id='word_1_205' title='bbox 525 2682 622 2744; x_wconf 90' lang='lat' dir='ltr'><strong>non,</strong></span> <span class='ocrx_word' id='word_1_206' title='bbox 647 2651 720 2730; x_wconf 74' lang='lat' dir='ltr'><strong>nib</strong></span> <span class='ocrx_word' id='word_1_207' title='bbox 744 2654 808 2727; x_wconf 83' lang='lat' dir='ltr'><strong>vel</strong></span> <span class='ocrx_word' id='word_1_208' title='bbox 832 2673 919 2750; x_wconf 82' lang='lat' dir='ltr'><strong>rege</strong></span> <span class='ocrx_word' id='word_1_209' title='bbox 944 2650 1102 2721; x_wconf 89' lang='lat' dir='ltr'><strong>iubente</strong></span> <span class='ocrx_word' id='word_1_210' title='bbox 1114 2639 1162 2738; x_wconf 81' lang='lat'><strong>⁸),</strong></span> <span class='ocrx_word' id='word_1_211' title='bbox 1189 2649 1253 2722; x_wconf 88' lang='lat' dir='ltr'><strong>vel</strong></span> <span class='ocrx_word' id='word_1_212' title='bbox 1278 2664 1362 2721; x_wconf 93' lang='lat' dir='ltr'><strong>toto</strong></span> <span class='ocrx_word' id='word_1_213' title='bbox 1390 2650 1561 2722; x_wconf 83' lang='lat' dir='ltr'><strong>exercitu</strong></span> <span class='ocrx_word' id='word_1_214' title='bbox 1586 2646 1813 2747; x_wconf 83' lang='lat' dir='ltr'><strong>urgente⁹),</strong></span> <span class='ocrx_word' id='word_1_215' title='bbox 1841 2647 1975 2726; x_wconf 82' lang='lat' dir='ltr'><strong>afficie-</strong></span> 
     </span>
     <span class='ocr_line' id='line_1_22' title="bbox 220 2762 1978 2875; baseline -0.005 -25"><span class='ocrx_word' id='word_1_216' title='bbox 220 2780 372 2851; x_wconf 87' lang='lat' dir='ltr'><strong>bantur.</strong></span> <span class='ocrx_word' id='word_1_217' title='bbox 437 2777 477 2850; x_wconf 77' lang='lat' dir='ltr'><strong>ai</strong></span> <span class='ocrx_word' id='word_1_218' title='bbox 510 2776 632 2875; x_wconf 86' lang='lat' dir='ltr'><strong>igitur</strong></span> <span class='ocrx_word' id='word_1_219' title='bbox 668 2771 890 2870; x_wconf 84' lang='lat' dir='ltr'><strong>exlegibus</strong></span> <span class='ocrx_word' id='word_1_220' title='bbox 917 2786 955 2840; x_wconf 87' lang='lat' dir='ltr'><strong>et</strong></span> <span class='ocrx_word' id='word_1_221' title='bbox 981 2762 1169 2843; x_wconf 57' lang='lat' dir='ltr'><strong>instituffl</strong></span> <span class='ocrx_word' id='word_1_222' title='bbox 1196 2767 1324 2865; x_wconf 81' lang='lat' dir='ltr'><strong>gentis</strong></span> <span class='ocrx_word' id='word_1_223' title='bbox 1351 2767 1551 2843; x_wconf 82' lang='lat' dir='ltr'><strong>cuiusdam</strong></span> <span class='ocrx_word' id='word_1_224' title='bbox 1576 2767 1622 2838; x_wconf 91' lang='lat' dir='ltr'><strong>de</strong></span> <span class='ocrx_word' id='word_1_225' title='bbox 1650 2767 1823 2841; x_wconf 86' lang='lat' dir='ltr'><strong>eiusdem</strong></span> <span class='ocrx_word' id='word_1_226' title='bbox 1851 2771 1978 2867; x_wconf 84' lang='lat' dir='ltr'><strong>gentis</strong></span> 
     </span>
     <span class='ocr_line' id='line_1_23' title="bbox 218 2879 1977 2996; baseline -0.005 -27"><span class='ocrx_word' id='word_1_227' title='bbox 218 2896 379 2996; x_wconf 86' lang='lat' dir='ltr'><strong>ingenio</strong></span> <span class='ocrx_word' id='word_1_228' title='bbox 406 2911 444 2971; x_wconf 88' lang='lat' dir='ltr'><strong>et</strong></span> <span class='ocrx_word' id='word_1_229' title='bbox 469 2894 646 2966; x_wconf 80' lang='lat' dir='ltr'><strong>moribus</strong></span> <span class='ocrx_word' id='word_1_230' title='bbox 670 2891 931 2965; x_wconf 88' lang='lat' dir='ltr'><strong>coniecturam</strong></span> <span class='ocrx_word' id='word_1_231' title='bbox 956 2883 1079 2959; x_wconf 83' lang='lat' dir='ltr'><strong>facere</strong></span> <span class='ocrx_word' id='word_1_232' title='bbox 1105 2884 1271 2959; x_wconf 85' lang='lat' dir='ltr'><strong>omnino</strong></span> <span class='ocrx_word' id='word_1_233' title='bbox 1299 2881 1357 2957; x_wconf 86' lang='lat' dir='ltr'><strong>fas</strong></span> <span class='ocrx_word' id='word_1_234' title='bbox 1379 2879 1440 2969; x_wconf 84' lang='lat' dir='ltr'><strong>est,</strong></span> <span class='ocrx_word' id='word_1_235' title='bbox 1467 2884 1570 2958; x_wconf 85' lang='lat' dir='ltr'><strong>haud</strong></span> <span class='ocrx_word' id='word_1_236' title='bbox 1596 2884 1686 2963; x_wconf 86' lang='lat' dir='ltr'><strong>scio,</strong></span> <span class='ocrx_word' id='word_1_237' title='bbox 1715 2909 1779 2958; x_wconf 89' lang='grc' dir='ltr'><strong>ιιι</strong></span> <span class='ocrx_word' id='word_1_238' title='bbox 1793 2890 1977 2965; x_wconf 86' lang='lat' dir='ltr'><strong>contendi</strong></span> 
     </span>
     <span class='ocr_line' id='line_1_24' title="bbox 218 2990 1977 3111; baseline -0.005 -25"><span class='ocrx_word' id='word_1_239' title='bbox 218 3009 341 3111; x_wconf 83' lang='lat' dir='ltr'><strong>poffit,</strong></span> <span class='ocrx_word' id='word_1_240' title='bbox 368 3011 592 3084; x_wconf 87' lang='lat' dir='ltr'><strong>huiusmodi</strong></span> <span class='ocrx_word' id='word_1_241' title='bbox 616 3006 865 3083; x_wconf 87' lang='lat' dir='ltr'><strong>Morddom</strong></span> <span class='ocrx_word' id='word_1_242' title='bbox 853 3030 897 3078; x_wconf 85' lang='lat' dir='ltr'><strong>ru</strong></span> <span class='ocrx_word' id='word_1_243' title='bbox 923 3006 1159 3076; x_wconf 83' lang='lat' dir='ltr'><strong>Francorum</strong></span> <span class='ocrx_word' id='word_1_244' title='bbox 1185 3002 1340 3073; x_wconf 81' lang='lat' dir='ltr'><strong>civitate</strong></span> <span class='ocrx_word' id='word_1_245' title='bbox 1363 3024 1448 3074; x_wconf 90' lang='lat' dir='ltr'><strong>non</strong></span> <span class='ocrx_word' id='word_1_246' title='bbox 1473 3003 1593 3074; x_wconf 89' lang='lat' dir='ltr'><strong>modo</strong></span> <span class='ocrx_word' id='word_1_247' title='bbox 1613 3027 1699 3075; x_wconf 86' lang='lat' dir='ltr'><strong>non</strong></span> <span class='ocrx_word' id='word_1_248' title='bbox 1719 2990 1977 3092; x_wconf 81' lang='lat' dir='ltr'><strong>neceffarium,</strong></span> 
     </span>
     <span class='ocr_line' id='line_1_25' title="bbox 219 3115 1980 3224; baseline -0.006 -20"><span class='ocrx_word' id='word_1_249' title='bbox 219 3131 283 3204; x_wconf 74' lang='lat' dir='ltr'><strong>ted</strong></span> <span class='ocrx_word' id='word_1_250' title='bbox 318 3130 435 3204; x_wconf 89' lang='lat' dir='ltr'><strong>etiam</strong></span> <span class='ocrx_word' id='word_1_251' title='bbox 471 3127 531 3202; x_wconf 91' lang='lat' dir='ltr'><strong>illi</strong></span> <span class='ocrx_word' id='word_1_252' title='bbox 563 3145 700 3199; x_wconf 89' lang='lat' dir='ltr'><strong>natura</strong></span> <span class='ocrx_word' id='word_1_253' title='bbox 735 3121 839 3224; x_wconf 81' lang='lat' dir='ltr'><strong>quast</strong></span> <span class='ocrx_word' id='word_1_254' title='bbox 875 3119 992 3196; x_wconf 69' lang='lat' dir='ltr'><strong>inlito</strong></span> <span class='ocrx_word' id='word_1_255' title='bbox 1025 3120 1211 3193; x_wconf 84' lang='lat' dir='ltr'><strong>libertatis</strong></span> <span class='ocrx_word' id='word_1_256' title='bbox 1238 3115 1363 3191; x_wconf 87' lang='lat' dir='ltr'><strong>studio</strong></span> <span class='ocrx_word' id='word_1_257' title='bbox 1387 3143 1439 3190; x_wconf 90' lang='lat' dir='ltr'><strong>ne</strong></span> <span class='ocrx_word' id='word_1_258' title='bbox 1465 3118 1798 3194; x_wconf 85' lang='lat' dir='ltr'><strong>accommodatum</strong></span> <span class='ocrx_word' id='word_1_259' title='bbox 1824 3123 1980 3219; x_wconf 87' lang='lat' dir='ltr'><strong>quidem</strong></span> 
     </span>
     <span class='ocr_line' id='line_1_26' title="bbox 219 3235 2057 3341; baseline -0.007 -18"><span class='ocrx_word' id='word_1_260' title='bbox 219 3246 342 3324; x_wconf 79' lang='lat' dir='ltr'><strong>fuiffe.</strong></span> <span class='ocrx_word' id='word_1_261' title='bbox 391 3248 444 3320; x_wconf 73' lang='lat' dir='ltr'><strong>At</strong></span> <span class='ocrx_word' id='word_1_262' title='bbox 468 3246 572 3319; x_wconf 90' lang='lat' dir='ltr'><strong>dicat</strong></span> <span class='ocrx_word' id='word_1_263' title='bbox 597 3242 763 3341; x_wconf 84' lang='lat' dir='ltr'><strong>aliquis,</strong></span> <span class='ocrx_word' id='word_1_264' title='bbox 793 3259 966 3339; x_wconf 86' lang='lat' dir='ltr'><strong>tempore</strong></span> <span class='ocrx_word' id='word_1_265' title='bbox 1001 3235 1234 3312; x_wconf 83' lang='lat' dir='ltr'><strong>Childeberti</strong></span> <span class='ocrx_word' id='word_1_266' title='bbox 1267 3241 1305 3308; x_wconf 89' lang='lat'><strong>11</strong></span> <span class='ocrx_word' id='word_1_267' title='bbox 1330 3238 1536 3309; x_wconf 85' lang='lat' dir='ltr'><strong>Francos</strong></span> <span class='ocrx_word' id='word_1_268' title='bbox 1524 3263 1603 3310; x_wconf 87' lang='lat' dir='ltr'><strong>ram</strong></span> <span class='ocrx_word' id='word_1_269' title='bbox 1628 3237 1683 3310; x_wconf 87' lang='lat' dir='ltr'><strong>ita</strong></span> <span class='ocrx_word' id='word_1_270' title='bbox 1711 3263 1733 3313; x_wconf 94' lang='lat' dir='ltr'><strong>a</strong></span> <span class='ocrx_word' id='word_1_271' title='bbox 1758 3257 1915 3336; x_wconf 85' lang='lat' dir='ltr'><strong>patrum</strong></span> <span class='ocrx_word' id='word_1_272' title='bbox 1940 3261 1979 3313; x_wconf 87' lang='lat' dir='ltr'><strong>et</strong></span> <span class='ocrx_word' id='word_1_273' title='bbox 2048 3272 2057 3287; x_wconf 74' lang='lat'>=</span> 
     </span>
    </p>
   </div>
   <div class='ocr_carea' id='block_1_6' title="bbox 95 3354 1977 3462">
    <p class='ocr_par' dir='ltr' id='par_1_6' title="bbox 95 3354 1977 3462">
     <span class='ocr_line' id='line_1_27' title="bbox 95 3354 1977 3462; baseline -0.005 -22"><span class='ocrx_word' id='word_1_274' title='bbox 95 3450 99 3462; x_wconf 47' lang='lat'>‚</span> <span class='ocrx_word' id='word_1_275' title='bbox 220 3367 414 3440; x_wconf 89' lang='lat' dir='ltr'><strong>maiorum</strong></span> <span class='ocrx_word' id='word_1_276' title='bbox 439 3363 713 3438; x_wconf 81' lang='lat' dir='ltr'><strong>consuetudine</strong></span> <span class='ocrx_word' id='word_1_277' title='bbox 739 3355 983 3460; x_wconf 76' lang='lat' dir='ltr'><strong>degeneraffe,</strong></span> <span class='ocrx_word' id='word_1_278' title='bbox 1015 3374 1061 3430; x_wconf 87' lang='lat' dir='ltr'><strong>ut</strong></span> <span class='ocrx_word' id='word_1_279' title='bbox 1087 3356 1209 3428; x_wconf 86' lang='lat' dir='ltr'><strong>avitae</strong></span> <span class='ocrx_word' id='word_1_280' title='bbox 1234 3354 1337 3453; x_wconf 86' lang='lat' dir='ltr'><strong>leges</strong></span> <span class='ocrx_word' id='word_1_281' title='bbox 1363 3377 1445 3427; x_wconf 88' lang='lat' dir='ltr'><strong>non</strong></span> <span class='ocrx_word' id='word_1_282' title='bbox 1473 3354 1634 3428; x_wconf 86' lang='lat' dir='ltr'><strong>eandem</strong></span> <span class='ocrx_word' id='word_1_283' title='bbox 1659 3357 1784 3429; x_wconf 83' lang='lat' dir='ltr'><strong>adhuc</strong></span> <span class='ocrx_word' id='word_1_284' title='bbox 1810 3358 1894 3431; x_wconf 86' lang='lat' dir='ltr'><strong>vim</strong></span> <span class='ocrx_word' id='word_1_285' title='bbox 1921 3377 1977 3431; x_wconf 83' lang='lat' dir='ltr'><strong>at·</strong></span> 
     </span>
    </p>
   </div>
   <div class='ocr_carea' id='block_1_7' title="bbox 219 3470 1980 3702">
    <p class='ocr_par' dir='ltr' id='par_1_7' title="bbox 219 3470 1980 3702">
     <span class='ocr_line' id='line_1_28' title="bbox 221 3470 1979 3585; baseline -0.005 -27"><span class='ocrx_word' id='word_1_286' title='bbox 221 3511 296 3585; x_wconf 86' lang='lat' dir='ltr'><strong>que</strong></span> <span class='ocrx_word' id='word_1_287' title='bbox 321 3484 505 3556; x_wconf 74' lang='lat' dir='ltr'><strong>virtutem</strong></span> <span class='ocrx_word' id='word_1_288' title='bbox 531 3480 784 3555; x_wconf 72' lang='lat' dir='ltr'><strong>obtinuerint</strong></span> <span class='ocrx_word' id='word_1_289' title='bbox 839 3475 951 3575; x_wconf 87' lang='lat' dir='ltr'><strong>Quod</strong></span> <span class='ocrx_word' id='word_1_290' title='bbox 977 3471 1159 3548; x_wconf 82' lang='lat' dir='ltr'><strong>etiamii</strong></span> <span class='ocrx_word' id='word_1_291' title='bbox 1145 3499 1191 3545; x_wconf 90' lang='grc' dir='ltr'><strong>ιιι</strong></span> <span class='ocrx_word' id='word_1_292' title='bbox 1227 3470 1523 3547; x_wconf 81' lang='lat' dir='ltr'><strong>controverfiam</strong></span> <span class='ocrx_word' id='word_1_293' title='bbox 1548 3497 1685 3548; x_wconf 81' lang='lat' dir='ltr'><strong>vocare</strong></span> <span class='ocrx_word' id='word_1_294' title='bbox 1717 3476 1851 3564; x_wconf 88' lang='lat' dir='ltr'><strong>liceat,</strong></span> <span class='ocrx_word' id='word_1_295' title='bbox 1898 3479 1979 3551; x_wconf 85' lang='lat' dir='ltr'><strong>iam</strong></span> 
     </span>
     <span class='ocr_line' id='line_1_29' title="bbox 219 3578 1980 3702; baseline -0.005 -26"><span class='ocrx_word' id='word_1_296' title='bbox 219 3620 420 3702; x_wconf 83' lang='lat' dir='ltr'><strong>propterea</strong></span> <span class='ocrx_word' id='word_1_297' title='bbox 447 3618 576 3672; x_wconf 83' lang='lat' dir='ltr'><strong>tamen</strong></span> <span class='ocrx_word' id='word_1_298' title='bbox 602 3599 650 3672; x_wconf 89' lang='lat' dir='ltr'><strong>ad</strong></span> <span class='ocrx_word' id='word_1_299' title='bbox 675 3593 843 3671; x_wconf 85' lang='lat' dir='ltr'><strong>nostram</strong></span> <span class='ocrx_word' id='word_1_300' title='bbox 868 3619 949 3668; x_wconf 86' lang='lat' dir='ltr'><strong>rem</strong></span> <span class='ocrx_word' id='word_1_301' title='bbox 972 3594 1074 3667; x_wconf 87' lang='lat' dir='ltr'><strong>nihil</strong></span> <span class='ocrx_word' id='word_1_302' title='bbox 1098 3590 1223 3666; x_wconf 78' lang='lat' dir='ltr'><strong>valere</strong></span> <span class='ocrx_word' id='word_1_303' title='bbox 1249 3578 1390 3687; x_wconf 86' lang='lat' dir='ltr'><strong>potest,</strong></span> <span class='ocrx_word' id='word_1_304' title='bbox 1407 3591 1512 3688; x_wconf 88' lang='lat' dir='ltr'><strong>quod</strong></span> <span class='ocrx_word' id='word_1_305' title='bbox 1536 3593 1708 3691; x_wconf 88' lang='lat' dir='ltr'><strong>Maiores</strong></span> <span class='ocrx_word' id='word_1_306' title='bbox 1736 3595 1911 3668; x_wconf 87' lang='lat' dir='ltr'><strong>domus</strong></span> <span class='ocrx_word' id='word_1_307' title='bbox 1900 3619 1980 3668; x_wconf 90' lang='grc' dir='ltr'>ιιιιι</span> 
     </span>
    </p>
   </div>
   <div class='ocr_carea' id='block_1_8' title="bbox 221 3684 1976 4012">
    <p class='ocr_par' dir='ltr' id='par_1_8' title="bbox 221 3684 1976 4012">
     <span class='ocr_line' id='line_1_30' title="bbox 221 3684 1976 3818; baseline -0.005 -23"><span class='ocrx_word' id='word_1_308' title='bbox 221 3722 330 3818; x_wconf 80' lang='lat' dir='ltr'><strong>priua</strong></span> <span class='ocrx_word' id='word_1_309' title='bbox 347 3712 577 3798; x_wconf 81' lang='lat' dir='ltr'><strong>constitutos</strong></span> <span class='ocrx_word' id='word_1_310' title='bbox 599 3712 709 3791; x_wconf 81' lang='lat' dir='ltr'><strong>iuiffe</strong></span> <span class='ocrx_word' id='word_1_311' title='bbox 726 3714 813 3791; x_wconf 81' lang='lat' dir='ltr'><strong>iotis</strong></span> <span class='ocrx_word' id='word_1_312' title='bbox 832 3707 986 3800; x_wconf 77' lang='lat' dir='ltr'><strong>confiat,</strong></span> <span class='ocrx_word' id='word_1_313' title='bbox 1007 3712 1117 3813; x_wconf 89' lang='lat' dir='ltr'><strong>quod</strong></span> <span class='ocrx_word' id='word_1_314' title='bbox 1136 3707 1377 3786; x_wconf 80' lang='lat' dir='ltr'><strong>Siimondius</strong></span> <span class='ocrx_word' id='word_1_315' title='bbox 1403 3709 1483 3808; x_wconf 79' lang='lat' dir='ltr'><strong>ipse</strong></span> <span class='ocrx_word' id='word_1_316' title='bbox 1499 3684 1789 3789; x_wconf 84' lang='lat' dir='ltr'><strong>concedendum</strong></span> <span class='ocrx_word' id='word_1_317' title='bbox 1809 3715 1976 3809; x_wconf 80' lang='lat' dir='ltr'><strong>pararit.</strong></span> 
     </span>
     <span class='ocr_line' id='line_1_31' title="bbox 1047 3921 1153 4012; baseline 0 0"><span class='ocrx_word' id='word_1_318' title='bbox 1047 3921 1086 4012; x_wconf 78' lang='lat'><strong>§-</strong></span> <span class='ocrx_word' id='word_1_319' title='bbox 1113 3937 1153 4012; x_wconf 67' lang='lat'><strong>60·</strong></span> 
     </span>
    </p>
   </div>
   <div class='ocr_carea' id='block_1_9' title="bbox 324 4046 2125 4156">
    <p class='ocr_par' dir='ltr' id='par_1_9' title="bbox 324 4046 2125 4156">
     <span class='ocr_line' id='line_1_32' title="bbox 324 4046 2125 4156; baseline -0.004 -7"><span class='ocrx_word' id='word_1_320' title='bbox 324 4076 393 4151; x_wconf 80' lang='lat' dir='ltr'><strong>sin</strong></span> <span class='ocrx_word' id='word_1_321' title='bbox 421 4100 521 4152; x_wconf 75' lang='lat' dir='ltr'><strong>vero</strong></span> <span class='ocrx_word' id='word_1_322' title='bbox 552 4073 801 4151; x_wconf 79' lang='lat' dir='ltr'><strong>Siimoudius</strong></span> <span class='ocrx_word' id='word_1_323' title='bbox 836 4095 985 4149; x_wconf 84' lang='lat' dir='ltr'><strong>nomen</strong></span> <span class='ocrx_word' id='word_1_324' title='bbox 1017 4070 1230 4148; x_wconf 80' lang='lat' dir='ltr'><strong>Morddom</strong></span> <span class='ocrx_word' id='word_1_325' title='bbox 1263 4065 1414 4149; x_wconf 79' lang='lat' dir='ltr'><strong>fortaffe</strong></span> <span class='ocrx_word' id='word_1_326' title='bbox 1449 4073 1504 4147; x_wconf 88' lang='lat' dir='ltr'><strong>ita</strong></span> <span class='ocrx_word' id='word_1_327' title='bbox 1530 4071 1769 4148; x_wconf 78' lang='lat' dir='ltr'><strong>intellectum</strong></span> <span class='ocrx_word' id='word_1_328' title='bbox 1795 4069 1980 4156; x_wconf 75' lang='lat' dir='ltr'><strong>voluerit,</strong></span> <span class='ocrx_word' id='word_1_329' title='bbox 2068 4132 2071 4139; x_wconf 77' lang='grc'>,</span> <span class='ocrx_word' id='word_1_330' title='bbox 2116 4046 2125 4057; x_wconf 60' lang='grc'><strong>’</strong></span> 
     </span>
    </p>
   </div>
   <div class='ocr_carea' id='block_1_10' title="bbox 222 4185 1989 4408">
    <p class='ocr_par' dir='ltr' id='par_1_10' title="bbox 222 4185 1989 4408">
     <span class='ocr_line' id='line_1_33' title="bbox 223 4185 1989 4290; baseline -0.005 -21"><span class='ocrx_word' id='word_1_331' title='bbox 223 4212 271 4269; x_wconf 88' lang='lat' dir='ltr'><strong>ut</strong></span> <span class='ocrx_word' id='word_1_332' title='bbox 294 4194 359 4268; x_wconf 83' lang='lat' dir='ltr'><strong>vel</strong></span> <span class='ocrx_word' id='word_1_333' title='bbox 383 4195 550 4268; x_wconf 86' lang='lat' dir='ltr'><strong>iudicem</strong></span> <span class='ocrx_word' id='word_1_334' title='bbox 575 4196 621 4269; x_wconf 85' lang='lat' dir='ltr'><strong>de</strong></span> <span class='ocrx_word' id='word_1_335' title='bbox 647 4195 826 4269; x_wconf 83' lang='lat' dir='ltr'><strong>caedibus</strong></span> <span class='ocrx_word' id='word_1_336' title='bbox 860 4189 1108 4290; x_wconf 79' lang='lat' dir='ltr'><strong>perpetratis,</strong></span> <span class='ocrx_word' id='word_1_337' title='bbox 1146 4185 1334 4288; x_wconf 80' lang='lat' dir='ltr'><strong>(Richter</strong></span> <span class='ocrx_word' id='word_1_338' title='bbox 1360 4191 1453 4266; x_wconf 73' lang='lat' dir='ltr'><strong>tter</strong></span> <span class='ocrx_word' id='word_1_339' title='bbox 1479 4188 1628 4287; x_wconf 85' lang='lat' dir='ltr'><strong>Mord)</strong></span> <span class='ocrx_word' id='word_1_340' title='bbox 1656 4191 1719 4262; x_wconf 82' lang='lat' dir='ltr'><strong>vel</strong></span> <span class='ocrx_word' id='word_1_341' title='bbox 1743 4187 1868 4275; x_wconf 89' lang='lat' dir='ltr'><strong>nihil,</strong></span> <span class='ocrx_word' id='word_1_342' title='bbox 1907 4186 1989 4283; x_wconf 71' lang='lat' dir='ltr'><strong>uiii¹</strong></span> 
     </span>
     <span class='ocr_line' id='line_1_34' title="bbox 222 4305 1979 4408; baseline -0.006 -20"><span class='ocrx_word' id='word_1_343' title='bbox 222 4313 412 4388; x_wconf 69' lang='lat' dir='ltr'><strong>summam</strong></span> <span class='ocrx_word' id='word_1_344' title='bbox 435 4310 675 4386; x_wconf 79' lang='lat' dir='ltr'><strong>iudiciariam</strong></span> <span class='ocrx_word' id='word_1_345' title='bbox 699 4308 924 4408; x_wconf 73' lang='lat' dir='ltr'><strong>potestatem</strong></span> <span class='ocrx_word' id='word_1_346' title='bbox 949 4308 1104 4395; x_wconf 85' lang='lat' dir='ltr'><strong>indicat,</strong></span> <span class='ocrx_word' id='word_1_347' title='bbox 1136 4305 1321 4404; x_wconf 81' lang='lat' dir='ltr'><strong>liquidam</strong></span> <span class='ocrx_word' id='word_1_348' title='bbox 1345 4334 1435 4385; x_wconf 84' lang='lat' dir='ltr'><strong>eum</strong></span> <span class='ocrx_word' id='word_1_349' title='bbox 1459 4305 1694 4407; x_wconf 78' lang='lat' dir='ltr'><strong>significarit,</strong></span> <span class='ocrx_word' id='word_1_350' title='bbox 1718 4330 1834 4404; x_wconf 84' lang='lat' dir='ltr'><strong>penes</strong></span> <span class='ocrx_word' id='word_1_351' title='bbox 1863 4331 1979 4405; x_wconf 81' lang='lat' dir='ltr'><strong>quern</strong></span> 
     </span>
    </p>
   </div>
   <div class='ocr_carea' id='block_1_11' title="bbox 223 4419 2106 4524">
    <p class='ocr_par' dir='ltr' id='par_1_11' title="bbox 223 4419 2106 4524">
     <span class='ocr_line' id='line_1_35' title="bbox 223 4419 2106 4524; baseline -0.006 -18"><span class='ocrx_word' id='word_1_352' title='bbox 223 4432 325 4506; x_wconf 80' lang='lat' dir='ltr'><strong>vitae</strong></span> <span class='ocrx_word' id='word_1_353' title='bbox 349 4429 532 4524; x_wconf 82' lang='lat' dir='ltr'><strong>necisque</strong></span> <span class='ocrx_word' id='word_1_354' title='bbox 555 4424 715 4524; x_wconf 78' lang='lat' dir='ltr'><strong>potestas</strong></span> <span class='ocrx_word' id='word_1_355' title='bbox 741 4427 882 4513; x_wconf 64' lang='lat' dir='ltr'><strong>irretita</strong></span> <span class='ocrx_word' id='word_1_356' title='bbox 918 4444 999 4499; x_wconf 87' lang='lat' dir='ltr'><strong>tota</strong></span> <span class='ocrx_word' id='word_1_357' title='bbox 1025 4426 1070 4499; x_wconf 91' lang='lat' dir='ltr'><strong>in</strong></span> <span class='ocrx_word' id='word_1_358' title='bbox 1094 4430 1330 4498; x_wconf 82' lang='lat' dir='ltr'><strong>Francorum</strong></span> <span class='ocrx_word' id='word_1_359' title='bbox 1356 4427 1512 4501; x_wconf 78' lang='lat' dir='ltr'><strong>civitate</strong></span> <span class='ocrx_word' id='word_1_360' title='bbox 1539 4419 1743 4500; x_wconf 78' lang='lat' dir='ltr'><strong>constituta</strong></span> <span class='ocrx_word' id='word_1_361' title='bbox 1769 4441 1809 4498; x_wconf 85' lang='lat' dir='ltr'><strong>et</strong></span> <span class='ocrx_word' id='word_1_362' title='bbox 1844 4421 1978 4497; x_wconf 84' lang='lat' dir='ltr'><strong>ufitats</strong></span> <span class='ocrx_word' id='word_1_363' title='bbox 2101 4509 2106 4517; x_wconf 29' lang='lat'>¹</span> 
     </span>
    </p>
   </div>
   <div class='ocr_carea' id='block_1_12' title="bbox 138 4533 1989 4657">
    <p class='ocr_par' dir='ltr' id='par_1_12' title="bbox 138 4533 1989 4657">
     <span class='ocr_line' id='line_1_36' title="bbox 138 4533 1989 4657; baseline -0.004 -37"><span class='ocrx_word' id='word_1_364' title='bbox 138 4551 149 4568; x_wconf 88' lang='grc'>’</span> <span class='ocrx_word' id='word_1_365' title='bbox 224 4546 509 4627; x_wconf 77' lang='lat' dir='ltr'><strong>iurisdictionis</strong></span> <span class='ocrx_word' id='word_1_366' title='bbox 532 4533 945 4647; x_wconf 59' lang='lat' dir='ltr'><strong>ratio‘quodanunodo</strong></span> <span class='ocrx_word' id='word_1_367' title='bbox 970 4561 1183 4648; x_wconf 77' lang='lat' dir='ltr'><strong>repugnare</strong></span> <span class='ocrx_word' id='word_1_368' title='bbox 1207 4540 1392 4619; x_wconf 82' lang='lat' dir='ltr'><strong>rideatur.</strong></span> <span class='ocrx_word' id='word_1_369' title='bbox 1445 4549 1548 4619; x_wconf 83' lang='lat' dir='ltr'><strong>Nam</strong></span> <span class='ocrx_word' id='word_1_370' title='bbox 1570 4545 1742 4641; x_wconf 86' lang='lat' dir='ltr'><strong>primum</strong></span> <span class='ocrx_word' id='word_1_371' title='bbox 1766 4542 1989 4657; x_wconf 75' lang='lat' dir='ltr'><strong>summaer</strong></span> 
     </span>
    </p>
   </div>
   <div class='ocr_carea' id='block_1_13' title="bbox 0 0 2300 5364">
    <p class='ocr_par' dir='ltr' id='par_1_13' title="bbox 0 0 2300 5364">
     <span class='ocr_line' id='line_1_37' title="bbox 0 0 2300 5364; baseline 0 0"><span class='ocrx_word' id='word_1_372' title='bbox 0 0 2300 5364; x_wconf 95' lang='lat' dir='ltr'><strong> </strong></span> 
     </span>
    </p>
   </div>
  </div>
 </body>
</html>
