4590 5364
890 352 941 376 ·
1045 338 1092 414 87
1196 335 1249 377 lun

118 588 126 605 .
195 524 432 613 movebatur,
459 530 575 628 quod,
603 516 790 627 quanttnn
814 514 1050 600 Francorum
1075 523 1388 614 benevolentiae,
1416 547 1532 621 quam
1556 524 1626 602 sibi
1652 528 1805 626 suisque
1839 499 1945 604 conr·

195 649 335 749 parasse
362 650 601 747 opinabatur,
627 647 878 723 tribuendum
896 644 953 733 fit,
976 644 1124 742 optime
1149 643 1224 717 filii
1249 643 1429 717 interitus
1447 641 1572 718 testari
1587 646 1798 722 videbatur.
1835 656 1940 721 Num

60 847 67 871 Ι
194 771 383 865 Pippinus
411 763 680 840 Herisltllensis
707 766 830 863 ipsam
863 764 1030 863 regalem
1064 762 1293 864 dignitatem
1318 761 1388 836 srbi
1412 765 1611 839 vindicare
1636 767 1772 839 audere
1798 767 1940 862 potuis·

193 887 275 981 sets
300 870 355 943 2·-
405 886 518 983 Quod
542 909 634 959 vero
661 883 843 957 defuncto
869 883 1093 956 Grimoaldo
1120 882 1308 979 Pippinus
1334 881 1450 970 fecit,
1485 881 1561 956 nist
1595 883 1746 970 causae,
1785 910 1851 956 cur
1884 887 1938 956 ita

193 1004 339 1092 fecerit,
364 1004 484 1077 nimis
510 1001 587 1076 sere
615 1021 763 1098 apertae
789 1020 826 1075 et
853 996 955 1100 quast
980 1003 1024 1073 in
1063 1016 1221 1097 promtu
1246 999 1383 1089 essent,
1410 1003 1480 1076 vix
1523 1003 1712 1099 explicare
1738 1001 1938 1097 possemus.

196 1124 282 1220 Quo
315 1123 419 1196 enim
454 1123 552 1208 alio,
579 1119 649 1194 nili
676 1121 789 1194 semel
816 1137 1019 1215 occupatae
1058 1115 1251 1216 potestatis
1277 1106 1434 1215 posteris
1462 1120 1537 1194 suia
1564 1121 1843 1195 conservandae
1878 1120 1939 1192 de-
2041 1146 2059 1171 ν

193 1240 326 1316 siderio
360 1257 580 1337 permotus,
625 1238 814 1334 Pippinus
851 1235 1043 1311 infantem
1057 1255 1279 1333 ,nepotem,
1313 1237 1627 1326 Theodoaldum,
1667 1263 1831 1336 eumque
1858 1237 1950 1333 spn·.

97 1426 108 1441 ,
191 1362 312 1446 rium,
347 1354 644 1432 Neustrasiorum
679 1356 869 1430 Maiorem
903 1358 1042 1429 domus
1080 1352 1407 1448 constituebam)
1443 1395 1496 1412 -
1556 1355 1669 1454 Quod
1706 1376 1941 1454 quantopere

193 1502 280 1552 cum
307 1478 468 1550 omnino
496 1498 517 1547 a
543 1475 666 1573 gentis
693 1479 929 1547 Francorum
955 1475 1098 1563 indole,
1124 1493 1210 1548 tum
1235 1476 1486 1573 praecipuea
1512 1477 1674 1549 Maioris
1694 1478 1833 1550 domus
1856 1498 1940 1547 mu·

140 1620 144 1627 ’
191 1596 313 1680 neris,
342 1594 446 1690 quod
471 1611 566 1665 tutto
591 1617 725 1690 regum
750 1595 910 1666 unicum
937 1591 1038 1690 quasi
1065 1592 1341 1695 adpunicttlum
1379 1612 1481 1679 erat,
1519 1612 1655 1666 natura
1683 1594 1937 1678 abhorruerit,
2047 1672 2059 1689 ρ

191 1733 305 1785 nemo
331 1735 415 1784 non
439 1710 556 1785 videt.
610 1717 744 1807 Neque
770 1710 852 1782 lieri
877 1711 1019 1807 potuit,
1048 1712 1142 1808 quin
1170 1711 1381 1806 Pippinus,
1420 1712 1488 1808 qui
1507 1729 1671 1807 quatuor
1696 1715 1849 1808 regibus
1884 1736 1939 1782 re·

191 1821 446 1930 gnantibus⁸)
474 1829 622 1901 civitati
647 1852 781 1925 pacem
807 1846 846 1899 et
871 1830 1041 1914 salutem,
1068 1828 1222 1929 regibus
1249 1831 1429 1914 tutelam,
1457 1826 1527 1903 sthi
1553 1827 1718 1926 gloriam
1745 1851 1939 1922 compara·

189 1963 306 2034 verat,
331 1942 415 2044 post
439 1948 597 2044 longam
622 1945 738 2016 multi
761 1945 905 2019 laboris
932 1969 1124 2019 annorum
1151 1946 1308 2032 seriem,
1343 1970 1509 2046 regnum
1543 1951 1775 2019 Francorum
1811 1963 1941 2016 tamen

189 2089 313 2140 norae
338 2062 619 2165 perturbationi
634 2062 834 2159 'novisque
860 2063 1061 2136 discordiis
1087 2059 1377 2161 relinqueret,⁹)
1402 2088 1501 2160 quae
1539 2064 1647 2161 genti
1681 2064 1938 2160 Pippinorum

188 2183 399 2270 interitum,
426 2181 573 2256 civitati
598 2186 831 2253 Francorum
856 2179 1020 2254 exitium
1036 2179 1231 2277 parassent,
1258 2180 1329 2256 nifi
1354 2179 1510 2277 pristina
1527 2183 1788 2283 Pippinorum
1813 2181 1937 2254 virtus

187 2303 231 2374 in
259 2301 407 2388 Carolo,
433 2298 562 2396 spurio
588 2299 749 2395 Pippini
775 2297 1046 2371 Heristalleufis
1073 2299 1179 2386 silio,
1207 2302 1276 2398 qui
1300 2297 1455 2397 posthac
1492 2302 1663 2373 Martelli
1703 2299 1939 2399 cognomine

77 2492 80 2497 ⁴
189 2412 399 2516 appellatus
427 2413 486 2499 est,
514 2419 641 2489 denuo
667 2416 838 2512 viguerit
862 2432 976 2511 atque
1002 2416 1197 2488 revixerit.

1011 2624 1047 2712 §.
1075 2643 1112 2693 2.

104 2828 113 2837 ⁶
202 2770 208 2777 ¹
288 2784 427 2891 Quodsi
450 2785 605 2860 Francis
631 2786 955 2886 Merovingorum
982 2782 1148 2858 infantia
1175 2801 1288 2882 atque
1315 2782 1572 2873 imbecillitas,
1601 2783 1940 2883 quam'propterea

187 2924 340 2982 tantum
365 2903 631 3002 perferendam
658 2903 935 3011 opinabantur,
973 2905 1076 3001 quod
1101 2926 1268 3004 regnum
1294 2901 1409 3003 sattius
1444 2900 1568 3000 stirpis
1607 2907 1836 3004 antiquitate
1875 2905 1939 2978 sua

187 3023 289 3125 quasi
318 3025 505 3101 sancitum
532 3039 570 3096 et
596 3021 789 3094 firmatum
814 3020 1019 3094 videbatur
1044 3018 1126 3110 esse,
1151 3021 1229 3094 iam
1255 3021 1344 3096 satis
1370 3018 1525 3101 molesta
1552 3041 1654 3111 erat,
1687 3015 1814 3098 multo
1853 3024 1938 3098 sane
2033 3081 2036 3084 -

58 3216 63 3237 ,
186 3140 381 3225 molestior
407 3143 489 3216 eius
522 3135 779 3213 ministerialis
818 3139 1048 3238 impotentia
1084 3139 1304 3237 viriumque
1337 3142 1505 3214 tenuitas
1541 3142 1590 3216 iis
1629 3141 1698 3214 esse
1723 3143 1936 3238 oportebat,

187 3261 294 3333 cuius
321 3256 482 3356 poteslas
509 3278 620 3356 atque
648 3258 854 3331 'auctoritas
878 3283 985 3344 non,
1012 3254 1084 3330 nist
1111 3258 1285 3353 corporis
1309 3256 1545 3332 fortitudine
1571 3260 1769 3358 animique
1802 3261 1936 3357 vigore

186 3395 402 3475 comparata
427 3394 466 3450 et
499 3392 609 3449 aucta
642 3374 778 3449 fuerat.
832 3376 952 3475 quue
986 3376 1140 3449 merito.
1191 3376 1516 3476 Merovingortun
1549 3379 1656 3450 enim
1692 3377 1935 3451 imbecillitas
2015 3372 2021 3385 ’

185 3496 531 3569 adhuc'Maiorum
557 3494 695 3567 domus
719 3494 863 3566 virtute
889 3493 993 3592 quasi
1019 3495 1225 3568 sustentata
1253 3494 1402 3581 suerat3
1437 3496 1524 3593 quis
1559 3522 1652 3570 vero
1678 3520 1784 3569 nunc
1810 3496 1936 3568 Maio·

183 3614 235 3688 ris
263 3615 401 3686 domus
427 3611 635 3684 infantiam
662 3613 872 3704 sustentare
910 3629 948 3684 et
982 3638 1110 3712 regere
1146 3611 1328 3711 poterat?
1380 3616 1493 3712 Quod
1527 3615 1770 3714 Merovingis
1805 3612 1937 3711 praesi-

185 3726 303 3820 dium,
330 3755 412 3805 uno
438 3712 600 3804 Maioris
627 3729 764 3802 domus
790 3727 973 3825 praefidio
1000 3733 1164 3818 sublato,
1190 3731 1506 3828 relinquebatur?
1529 3771 1584 3787 -
1614 3733 1802 3828 Quamvis
1829 3734 1936 3805 eninr

184 3848 412 3943 Plectru'dis,
435 3847 596 3946 Pippini
622 3841 833 3944 superstites
859 3849 1015 3935 coniux,
1041 3849 1197 3947 nepotis
1225 3851 1465 3937 Theodoaldi
1484 3855 1648 3925 tutelam
1669 3869 1707 3924 et
1743 3877 1831 3926 cum
1867 3855 1936 3922 hac

183 3965 303 4038 tutela
327 3966 489 4041 Maioris
515 3969 653 4043 domus
679 3966 781 4042 vices
809 3963 911 4063 quali
938 3965 1127 4063 suscipere
1153 3986 1367 4056 conaretur,
1402 3970 1698 4064 praeteritorum
1722 3969 1936 4041 recordatio

184 4088 326 4155 tamen'
353 4088 521 4160 Frtncos
557 4084 648 4160 satis
680 4087 880 4172 edocebat,
915 4102 1100 4182 quantam
1134 4084 1283 4159 civitati
1317 4086 1551 4186 perniciem,
1585 4107 1769 4184 quantam
1804 4089 1933 4172 Mero·

182 4202 395 4302 vingornm
432 4203 539 4302 genti
575 4204 834 4306 ignominiam
870 4203 1057 4277 muliebre
1094 4205 1266 4305 regimen
1301 4205 1485 4280 attulerit.
1561 4204 1820 4303 Quamobrem
1853 4232 1936 4280 non

184 4309 335 4394 difficile
361 4314 411 4393 est
436 4321 650 4418 explicatu,
678 4324 772 4420 quid
798 4321 984 4397 defuncto
1017 4320 1190 4419 Pippino
1227 4320 1481 4396 Herislallensi
1516 4317 1748 4399 Neuslreflos
1785 4348 1936 4419 permo-

181 4440 291 4526 verit,
321 4456 454 4514 contra
480 4437 769 4512 theodoaldum
795 4462 960 4536 eosque,
995 4439 1063 4538 qui
1088 4435 1242 4512 fortasse
1267 4440 1394 4539 gentis
1430 4441 1687 4540 Pippiniana'e
1724 4443 1870 4516 virtute
1897 4461 1934 4516 et

182 4575 286 4655 grata
299 4554 476 4658 quadam
501 4570 678 4655 paternae
705 4557 849 4658 gloriae
868 4556 1141 4634 'recordatione
1164 4555 1283 4648 ducti,
1309 4555 1602 4636 Theodoaldum
1628 4562 1849 4648 tuebantur,
1878 4584 1936 4632 ar·
