4590 5364
901 401 966 475 .··
1066 380 1274 464 4⁷*—

212 597 294 675 quo
317 572 469 672 primm
493 572 625 648 Maior
650 571 787 647 domna
813 573 955 647 electus
981 570 1093 647 fuisse
1117 570 1317 659 videatur,
1341 560 1600 646 coniecturam
1627 568 1823 670 quandam
1846 570 1965 647 sacia-

211 719 311 768 mua.
365 698 466 766 Nam
493 689 634 764 dehac
658 716 699 764 re
725 691 818 764 certi
845 692 939 791 quid
965 693 1160 788 explorare
1184 690 1285 766 velle
1310 714 1414 778 nou,
1449 689 1523 764 nisi
1549 689 1716 764 infelicis
1741 687 1862 787 potest
1888 688 1959 764 esse

113 872 121 887 .
212 806 371 908 operam
399 833 524 906 neque
550 810 755 907 quisquam
787 835 834 883 ex
868 810 938 898 iia,
974 812 1042 908 qui
1080 809 1319 883 omninode
1353 808 1503 881 Maiore
1542 809 1680 882 domus
1717 809 1958 906 scripserunt,

208 932 284 1004 hoc
310 928 452 1002 certius
479 943 518 1001 et
543 929 756 1001 accuratius
783 926 942 1000 desinire
968 929 1080 1002 misus
1107 924 1167 1000 est.
1221 927 1439 1000 Mascoviua
1475 945 1604 1001 tamen
1629 927 1794 999 Maioris
1819 928 1958 1000 domna

183 1047 402 1145 originem
422 1045 513 1118 inde
533 1047 579 1118 ab
605 1047 742 1118 ultima
768 1046 995 1144 antiquitate
1022 1043 1165 1118 duxille
1189 1044 1353 1132 videtur,
1382 1045 1527 1143 quippe
1554 1056 1653 1118 cum
1670 1070 1717 1116 ex
1743 1045 1857 1118 avitia
1870 1050 1958 1116 Ger·

208 1188 415 1237 manorum
439 1164 613 1236 moribus
647 1188 735 1235 eum
773 1181 905 1236 ortum
937 1162 1046 1236 fuisse
1081 1166 1340 1250 contenderit,
1355 1158 1389 1254 ⁷)
1429 1163 1534 1260 quod
1569 1165 1725 1262 quidem
1759 1179 1959 1259 propterea

203 1283 286 1355 i'am
312 1281 451 1356 salsum
479 1277 553 1368 esi,
580 1281 686 1377 quod
718 1282 939 1355 Mascovius
966 1282 1065 1354 hanc
1090 1283 1319 1355 sententiam
1344 1278 1539 1354 notislimo
1575 1282 1646 1355 illo
1680 1281 1776 1380 legia
1820 1280 1959 1353 Salieae

205 1403 294 1474 loco
321 1400 507 1472 tuendam
535 1400 699 1495 putavit,
727 1400 845 1477 etita
871 1399 1063 1472 Maiorem
1089 1422 1177 1473 cum
1203 1401 1354 1474 Maiore
1380 1399 1517 1474 domus
1543 1395 1742 1498 perperam
1766 1398 1956 1472 confudit

208 1519 320 1608 (Lex.
350 1519 422 1611 Sal.
450 1518 511 1590 tit.
541 1541 601 1605 ιι,
629 1521 685 1610 6.)
751 1524 893 1591 Contra
929 1543 1020 1592 vero
1057 1515 1288 1591 doctillimua
1322 1518 1519 1592 Ludeniua
1532 1533 1537 1543 ”
1553 1520 1667 1590 huius
1703 1513 1958 1589 ministerialis

202 1635 401 1736 originem
426 1635 520 1708 inde
546 1637 594 1708 ab
620 1661 666 1710 eo
692 1653 863 1731 tempore
890 1634 1012 1722 duxit,
1040 1660 1116 1732 quo
1136 1636 1272 1709 Franci
1298 1653 1438 1707 terram
1463 1654 1659 1708 externam
1686 1657 1873 1730 occupare
1896 1616 1980 1705 inf

205 1755 388 1850 ceperint.
429 1759 535 1850 Quae
551 1752 707 1848 quidem
734 1751 932 1830 sententia,
960 1733 1025 1824 etsi
1053 1777 1142 1824 vera
1168 1752 1254 1839 sint,
1282 1779 1378 1849 quae
1404 1754 1450 1824 de
1475 1752 1641 1826 Maioris
1669 1753 1807 1823 domus
1833 1751 1959 1845 prima

211 1870 437 1942 conditione
463 1869 668 1965 proposuit
700 1865 920 1954 Ludenius,
955 1867 1100 1940 incerta
1134 1886 1264 1942 tamen
1303 1887 1422 1967 atque·
1450 1867 1629 1968 ambigua
1666 1866 1842 1939 videatur
1875 1862 1957 1938 esse.

203 1994 306 2060 Nam
332 2010 411 2083 quo
437 2004 610 2083 tempore
635 1986 771 2060 Franci
806 1987 968 2058 Galliam
1003 1985 1171 2085 aliasque
1204 1986 1389 2061 finitimas
1426 2004 1544 2061 terras
1584 2008 1768 2081 occupare
1804 1985 1956 2080 incepe-

202 2107 310 2192 rint,¹
324 2106 398 2177 hoc
423 2101 810 2178 sane.difficillimum
836 2099 887 2177 est
912 2102 1138 2177 diiudicatm
1190 2102 1297 2178 Num
1330 2108 1409 2179 iam
1444 2124 1532 2178 anta
1570 2105 1651 2201 ipsa
1686 2103 1885 2177 Aureliani
1920 2119 1958 2176 et

202 2224 320 2299 Probi
344 2224 620 2318 imperatorum
646 2220 848 2319 tempora?
876 2247 1041 2319 quorum
1067 2223 1176 2320 prior
1201 2229 1391 2312 Francos,
1426 2248 1493 2322 per
1528 2241 1656 2299 totum
1692 2223 1857 2295 Galliam
1891 2242 1956 2294 va·

204 2338 362 2443 gantea,
390 2338 566 2427 devicisse
590 2358 629 2413 et
653 2365 721 2436 per
746 2341 987 2434 triumphum
1013 2358 1100 2413 ante
1128 2365 1281 2414 currum
1308 2343 1421 2414 suum
1446 2341 1589 2415 duxisse
1615 2332 1826 2432 dicitur‚⁸)
1864 2341 1954 2412 alte·
2068 2419 2080 2433 ,

138 2462 285 2539 .·riua
311 2460 468 2532 virtutis
505 2455 614 2528 testea
649 2454 785 2526 Franci
818 2457 915 2525 victi
948 2453 1281 2551 provocanturl⁹)
1334 2464 1417 2530 Iam
1450 2456 1645 2530 Postumio
1682 2459 1786 2528 enim
1822 2474 1955 2528 contre

202 2576 423 2650 Gallienum
449 2571 640 2645 auxilium
664 2572 801 2644 Franci
826 2570 949 2643 tulisse
975 2572 1190 2644 Trebellius
1208 2573 1340 2646 Pollio
1357 2576 1565 2647 memoriae
1583 2572 1752 2646 tradidit.
1769 2568 1821 2663 ιο)
1848 2580 1955 2644 Νιιιιι

204 2712 379 2790 tempore
405 2691 603 2791 Ologionis
630 2689 729 2789 regis
755 2693 1001 2776 Francorum,
1027 2688 1092 2762 vel
1117 2714 1210 2765 vero
1237 2690 1644 2780 etiam'Pharamundi',
1666 2716 1744 2789 quo
1770 2707 1955 2789 regnante

204 2809 343 2887 Franci
366 2811 494 2910 legem
508 2808 652 2882 -habere
679 2805 837 2904 coepisse
863 2805 1079 2880 dicuntur?
1096 2847 1146 2862 -
1188 2815 1295 2882 Num
1321 2801 1559 2897 childerico,
1598 2834 1697 2882 num
1732 2809 1954 2881 chlodoveo
2072 2876 2076 2881 .

204 2929 359 3003 demum
384 2924 666 3027 regnantibus?
694 2963 746 2980 -
774 2961 828 2979 -
877 2924 1065 3021 Equidem
1098 2926 1152 2999 ita
1178 2928 1225 3000 de
1259 2929 1421 3002 Maioris
1457 2930 1594 3001 domus
1632 2928 1780 3025 origine
1818 2926 1952 2998 sentio.

205 3049 328 3125 Sicuti
354 3036 510 3122 Francis
535 3044 732 3142 propriam
768 3041 937 3116 civitatis
975 3041 1290 3120 administrandae
1324 3030 1519 3120 rationem·
1550 3071 1598 3120 ex
1630 3038 1711 3142 ipsa
1749 3046 1954 3118 comitatur

202 3185 340 3247 natura
366 3159 569 3238 necessario
597 3158 699 3260 quasi
724 3179 875 3233 enatam
899 3159 1020 3247 fuisse,
1047 3163 1149 3234 inter
1176 3189 1310 3239 omnes
1348 3162 1513 3254 constat,
1550 3166 1605 3238 ita
1631 3161 1950 3247 Maiordomua,

202 3269 276 3380 nifi
311 3281 538 3359 huiuamodi
572 3274 828 3354 ministerialis
865 3280 1033 3378 eligendi
1072 3277 1282 3356 necessitate
1316 3283 1531 3372 intellecta,
1571 3277 1754 3355 constitui
1788 3277 1952 3353 omnino

201 3426 287 3503 non
312 3417 473 3498 poterat.
526 3399 652 3473 Prima
680 3397 788 3470 enim
813 3403 1047 3471 Francorum
1073 3400 1207 3473 civitae
1233 3422 1316 3473 non
1344 3403 1391 3474 ad
1418 3420 1539 3474 artem
1575 3401 1767 3499 quandam
1804 3417 1841 3471 et
1876 3420 1952 3469 cer·

201 3541 259 3624 tas
286 3520 453 3594 rationes
482 3508 661 3620 (gewrffe
694 3513 1066 3618 Grundpriucipien)
1091 3517 1247 3595 videtur
1273 3517 1341 3592 else
1367 3521 1603 3609 revocanda,
1631 3519 1694 3594 sed
1720 3517 1799 3591 sola
1825 3513 1951 3589 neces·

202 3636 300 3728 sitas,
328 3656 372 3710 ut
398 3637 452 3708 ita
480 3637 614 3722 dicam,
641 3635 857 3707 libertatem
882 3636 1051 3741 vinculis
1078 3639 1364 3735 quodammodo
1392 3635 1640 3726 constrinxit,
1677 3637 1829 3736 legibus
1857 3651 1952 3705 tem·

202 3738 361 3855 pertavit.
415 3755 456 3827 si
482 3753 603 3852 igitur
628 3753 819 3826 Maiorem
854 3752 991 3827 domus
1024 3755 1263 3828 Praefectum
1288 3755 1397 3830 Fisco
1432 3775 1636 3854 putamus,
1672 3781 1756 3827 non
1791 3754 1835 3846 ab
1863 3745 1963 3846 ipsis·

80 3882 88 3901 ⁴
202 3872 293 3947 inde
320 3873 487 3973 civitatis
514 3876 748 3944 Francorum
772 3869 1016 3966 primordiis,
1041 3897 1113 3946 nec
1138 3870 1250 3947 simul
1276 3901 1364 3949 cum
1390 3874 1516 3973 prima
1542 3871 1830 3972 expugnatione
1858 3863 1951 3964 eligi

201 3989 343 4092 potuit,
369 3991 433 4063 sed
458 4010 544 4063 tum
571 3990 738 4081 demum,
766 4013 855 4062 cum
879 3990 1016 4061 Franci
1041 3990 1141 4063 Fisci
1164 3988 1532 4066 administrationem
1559 3991 1630 4064 soli
1656 3991 1738 4088 regi
1763 4010 1848 4060 non
1870 4008 1949 4084 am·¹

200 4098 304 4209 plius
332 4109 522 4180 committi
546 4105 649 4204 posse
676 4106 850 4181 arbitrati
875 4105 1035 4180 suerint.
1088 4110 1204 4209 Regis
1230 4130 1363 4183 contra
1390 4109 1555 4184 absentia
1583 4107 1723 4180 Vicarii
1759 4097 1950 4203 necessita·

127 4252 132 4260 ·
199 4249 280 4327 tem
305 4223 443 4300 Franci
468 4224 577 4320 priua
602 4227 817 4326 intelligere
842 4248 926 4298 non
952 4242 1184 4323 potuerunt,
1219 4253 1337 4325 quam
1370 4252 1459 4301 cum
1485 4224 1554 4321 ipsi
1591 4222 1824 4321 experientia
1861 4220 1948 4294 satia

200 4345 325 4440 edocti
349 4343 656 4440 perspexerint,.
675 4345 744 4414 tali
778 4368 877 4438 opus
905 4339 976 4416 esse
1002 4339 1361 4440 ministeriale,·qui
1386 4341 1473 4440 ipsrs
1501 4341 1718 4416 absentibus
1744 4341 1861 4415 semel
1885 4339 1945 4412 in·

119 4509 126 4519 ·
197 4461 365 4539 stitutam
403 4456 648 4554 disciplinam
686 4460 912 4532 auctoritate
938 4459 1003 4532 sua
1029 4477 1143 4556 atque
1167 4457 1353 4556 praesidio
1381 4455 1584 4544 cusiodiret
1611 4479 1724 4558 atque
1745 4462 1947 4532 ¹conserva·

198 4603 266 4660 ret.
304 4579 378 4657 tais
404 4577 524 4678 igitur
548 4575 602 4652 ita
629 4573 882 4669 confideretis,
906 4578 1010 4653 haud
1034 4577 1126 4669 soie,
1152 4602 1203 4654 an
1230 4578 1387 4680 opinari
1411 4578 1535 4669 liceat,
1561 4577 1734 4676 primum
1755 4579 1946 4652 Maiorem
