4590 5364
879 231 1010 306 ’··
1106 248 1187 337 ιιδ
1271 254 1342 304 ’···

354 482 395 529 ιο
393 461 530 548 >Quod
552 481 625 522 enm
648 459 684 519 in
706 456 817 517 multis
839 453 935 532 aliis,
962 466 1036 515 tum
1066 453 1102 516 in
1131 452 1198 517 hoe
1216 443 1393 541 praecipue
1412 453 1574 532 canitur,
1598 445 1697 539 quod
1717 474 1806 518 nunc
1826 452 1919 545 rege,
1939 476 2023 534 m,
2131 451 2137 463 .

178 573 188 594 ⁸
263 582 310 631 nt.
331 567 429 641 olim,
464 562 538 647 ipfi
556 559 731 621 Francis
721 582 757 619 m
786 555 1056 648 expeditionibus
1086 557 1281 641 praeibant,
1310 553 1369 618 sed
1389 555 1414 618 fi
1434 578 1503 618 non
1524 555 1669 642 semper,
1699 543 1890 642 plerumque
1911 572 2025 631 tamen

268 670 431 730 exereitus
456 660 596 724 ducendi
618 683 681 746 neg
684 661 789 721 otium
810 656 960 743 pluribus
984 656 1122 720 ducibus
1145 656 1404 720 committebant.
1436 658 1505 720 cfr.
1530 657 1627 744 Greg.
1645 660 1725 719 Tur.
1750 676 1807 735 ιο,
1831 672 1861 737 3.
1882 659 1921 720 ln
1938 659 2026 722 Bur·
2134 678 2137 683 ·

268 768 388 855 guadia
410 763 540 850 quidem
563 763 604 824 ad
625 762 789 855 Patrieios
809 759 878 822 boc
898 780 1017 822 munus
1036 758 1182 823 delatum
1204 756 1257 821 est.
1302 757 1438 846 Gtegur.
1461 760 1539 822 Tur.
1558 767 1600 839 4,
1625 757 1677 836 36.
1700 773 1754 838 37.
1775 788 1820 805 -
1839 771 1880 837 5,
1906 754 1957 839 ¹32
1973 786 2027 815 ,.-

232 969 234 971 .
355 899 411 975 ιι)
433 901 510 962 Huc
532 897 675 983 pertinet
695 898 796 983 Greg.
820 897 900 957 Tur·
922 899 1034 976 5„'13
1057 893 1116 955 ubi
1139 892 1180 956 de
1203 893 1413 979 Chilpericot
1443 922 1513 971 „·-
1531 919 1576 938 -
1593 893 1746 978 -apud
1769 872 2049 957 Sueffionsseb'

191 1079 197 1094 ἱ
268 1027 330 1090 que
352 1001 492 1064 Parisios
530 1000 633 1060 circos
667 997 837 1059 aedificare
859 997 1052 1080 praecepit,
1085 1016 1156 1059 eos
1169 995 1306 1080 populis
1327 993 1546 1079 spectaculum
1567 992 1763 1079 praebensf‘
1807 996 1875 1057 cfr.
1898 993 1964 1058 ibd.
1987 1005 2025 1073 3,

267 1106 397 1183 36.·-··
404 1101 649 1186 Chilperiei'
640 1098 808 1183 ingenium
831 1097 968 1161 ommno
991 1097 1094 1183 magis
1115 1097 1272 1161 litterulis
1293 1110 1329 1160 et
1350 1095 1494 1173 artibus,
1527 1115 1627 1180 quam
1655 1095 1750 1161 rebus
1770 1095 1901 1159 bellicis
1932 1095 2027 1159 dele·

271 1221 399 1269 etatum
423 1201 520 1264 fuisse
542 1200 683 1264 videtur.
729 1200 798 1262 Csr.
822 1197 890 1261 ihd.
912 1206 955 1276 5,
977 1206 1046 1277 45.
1050 1224 1097 1243 ..-

357 1303 413 1380 ιι)
438 1304 534 1388 Greg.
557 1304 635 1362 Tur.
657 1298 696 1375 6,
719 1308 778 1380 qn.
823 1298 1082 1376 „childebertus
1103 1318 1181 1362 vero
1203 1319 1264 1362 rex
1293 1299 1330 1360 in
1360 1299 1490 1379 Italiam
1510 1299 1601 1362 abiit.
1647 1297 1747 1384 Quod
1765 1322 1838 1362 eum
1861 1295 2025 1363 audissent
2078 1305 2083 1313 '

257 1405 503 1495 Longobardi,
542 1391 716 1481 timenter,
755 1422 797 1466 ne
831 1401 871 1475 ab
905 1402 975 1473 eine
1009 1380 1157 1469 exercitu
1189 1398 1418 1477 caedentum,
1458 1398 1669 1471 subdiderunt
1701 1399 1738 1466 se
1772 1401 1899 1466 ditione
1938 1401 2025 1464 eno.
2077 1474 2081 1479 ,

270 1506 360 1577 mu
359 1606 573 1689 23)lbd9,
597 1623 647 1690 ις.
672 1625 732 1686 ro,
754 1618 853 1682 3.-
902 1585 909 1669 .

356 1709 575 1792 ι4)11ι(1.9,
601 1719 659 1786 n5:
705 1712 913 1786 „Commotie
936 1699 1094 1788 ducibus,
1120 1730 1194 1771 cnm
1218 1708 1368 1777 exercita
1388 1709 1469 1771 illuc
1491 1698 1708 1786 abeuntibus,
1738 1704 1927 1795 confligunt
1938 1709 2029 1793 pari·

267 1828 335 1877 tert
358 1809 413 1874 sed
435 1794 549 1872 nostris
571 1809 665 1873 valde
688 1811 803 1887 caelis,
827 1813 923 1873 multi
944 1809 1107 1896 prostrati,
1130 1810 1286 1872 nonnulli
1308 1810 1416 1893 capti,
1439 1811 1573 1894 plurimi
1595 1811 1692 1887 etiam
1714 1811 1905 1896 perfugam
1926 1806 2107 1892 lapsi,

190 1915 193 1919 ’
270 1917 330 1977 aix
352 1916 388 1975 iu
409 1914 548 1997 patriam
568 1910 748 1975 redierunt.
790 1915 963 1998 Tantaque
979 1912 1029 1976 ibi
1059 1911 1127 1975 fuit
1146 1909 1265 2003 strages
1287 1907 1329 1973 de
1350 1910 1549 2029 Francorum
1570 1912 1735 1998 exercitu,
1754 1925 1793 1975 nt
1815 1911 1893 2001 olim
1913 1908 2038 2031 similist

272 2038 340 2081 non
362 2009 559 2078 recolatur.“
1422 2063 1423 2067 ,

237 2078 243 2107 ¹
358 2113 414 2193 25)
437 2113 508 2176 Ibd.
528 2133 567 2195 9,
592 2128 643 2191 31.
664 2125 698 2192 3,
721 2129 784 2192 30:
803 2138 868 2206 qno
894 2115 1038 2181 ultimo
1029 2137 1064 2180 ιιι
1086 2117 1164 2176 loco
1185 2114 1320 2178 Ducum
1338 2111 1534 2178 Guntramni
1557 2098 1766 2200 responsum,
1793 2077 1914 2197 quauta
1938 2127 2031 2177 aetn-

272 2223 315 2280 tis·
335 2217 440 2299 luerit
461 2213 674 2305 perverstaa,
697 2213 773 2277 satis
796 2213 981 2292 testaturt,
986 2243 1041 2290 ,-
1062 2243 1106 2259 ·-
1127 2213 1181 2288 sed
1205 2214 1282 2298 quia
1306 2213 1427 2291 omnia,
1448 2237 1534 2298 quae
1557 2216 1661 2301 gloria
1683 2213 1783 2277 vestra
1804 2217 1951 2297 profert,
1976 2235 2032 2279 re·

274 2302 326 2380 ctu
346 2324 508 2407 seraque
511 2313 573 2376 eise
595 2313 786 2392 censentur,
809 2315 889 2404 qnid
912 2259 1089 2391 faciemus,
1124 2313 1212 2398 quod
1234 2317 1386 2400 populus
1399 2319 1504 2378 omnis
1526 2317 1561 2376 iu
1584 2316 1704 2378 vitium
1726 2311 1768 2381 ert
1790 2312 1959 2398 dilapsus?
1982 2344 2033 2361 -
2127 2334 2130 2339 ·

275 2418 479 2498 Omncmque
496 2398 677 2492 hominem,
702 2416 902 2500 quaesunt
892 2417 1021 2500 rniqua,
1045 2437 1140 2502 agere
1161 2414 1320 2488 delectat·
1343 2421 1451 2478 nullus
1469 2419 1592 2501 Regem
1614 2417 1742 2492 metuit,
1759 2419 1867 2497 nullus
1883 2416 2030 2493 Ducem,

204 2596 208 2610 Ι
273 2524 381 2582 nullus
405 2517 570 2581 Comitem
592 2533 779 2611 reveretur.
802 2534 834 2580 et
857 2518 881 2579 fi
904 2515 1035 2579 sortasse
1057 2517 1112 2578 cui
1135 2515 1192 2579 ita
1214 2515 1400 2600 displicent,
1425 2532 1459 2578 et
1480 2537 1518 2578 ea
1539 2538 1599 2601 pro
1620 2517 1843 2602 longaevitate
1862 2517 1949 2580 aine
1971 2537 2044 2580 ve··
2082 2512 2088 2525 ’

272 2621 365 2689 strue
372 2609 542 2682 emendare
564 2633 718 2694 conatur,
752 2617 856 2698 statim
879 2617 1033 2683 seditio
1023 2640 1059 2683 ιιι
1079 2621 1226 2734 populo,
1257 2615 1363 2679 statim
1393 2620 1550 2680 tumultus
1581 2619 1745 2694 exoritur,
1779 2633 1820 2679 et
1842 2619 2056 2684 intantum·

90 2701 95 2710 ⁸
124 2806 130 2820 .
182 2804 184 2808 Ι
272 2721 499 2815 unusquisque
523 2731 637 2782 contra
657 2718 817 2781 seniorem
838 2718 933 2787 suum
954 2717 1082 2792 snera‘
1071 2720 1258 2782 intentione
1279 2715 1450 2809 grassum,
1480 2732 1520 2780 ut
1547 2719 1607 2782 vix
1626 2716 1659 2783 se
1681 2717 1790 2783 credat
1812 2717 1967 2799 evadere,
2000 2719 2050 2787 fi·

271 2810 403 2885 tandem
426 2820 517 2882 silere
538 2818 765 2916 nequiveritf‘
793 2849 839 2868 -·
1771 2891 1819 2932 Ι

359 2920 415 2998 16)
438 2919 510 2982 lbd.
533 2929 573 2996 5,
595 2930 653 2998 ι3.
699 2921 947 2997 „Guntramnus
968 2945 1028 2987 rex
1052 2923 1111 2990 ait.
1156 2891 1309 2999 ,Evenit
1329 2921 1469 3010 impulsu
1490 2938 1696 3008 pecentomm
1718 2943 1883 3000 meorum,
1898 2940 1937 2988 ut
1956 2924 2031 2990 abt·

276 3045 340 3111 que
362 3023 475 3085 liberis
497 3041 716 3094 remanerem,
740 3038 773 3087 et
794 3023 871 3085 ideo
892 3039 994 3113 peto,
1016 3040 1056 3095 ιιι
1076 3023 1133 3093 hic
1154 3004 1256 3108 nepos
1278 3045 1369 3086 meus
1392 3023 1474 3086 mihi
1495 3023 1533 3086 lit
1554 3023 1680 3087 fitium

364 3138 421 3217 17)
455 3138 552 3230 Greg·
583 3137 724 3220 Tur-6,
758 3160 796 3202 s:
843 3143 968 3219 „Anno
998 3142 1101 3228 igitur
1132 3138 1225 3206 sexto
1253 3140 1349 3226 regui
1376 3137 1428 3208 lui
1452 3140 1680 3211 childebertus
1708 3163 1767 3208 tex
1796 3145 1917 3206 reiecta
1948 3165 2031 3228 pace
2107 3096 2111 3105 ι

276 3240 513 3305 Gunthcramni
535 3241 620 3326 regis
643 3264 714 3304 curn
738 3241 928 3326 Chilperico
950 3244 1146 3315 coniunctus
1169 3239 1251 3305 est.“
1271 3270 1316 3286 -·
1359 3239 1429 3320 lbd
1451 3240 1483 3319 6,
1487 3256 1545 3323 3.
1577 3244 1757 3328 „Denique
1778 3285 1866 3306 .....
1889 3243 2030 3330 Egidius

149 3402 153 3408 .
276 3342 467 3406 Rhemeuiis
489 3342 673 3427 Episcopus
691 3366 770 3405 cum
799 3344 913 3428 primis
937 3343 1143 3406 Childeberti
1164 3341 1354 3427 proceribus
1384 3341 1419 3402 in
1448 3344 1644 3428 legationem
1661 3345 1707 3411 ad
1736 3344 1957 3430 chilpericum
1979 3368 2032 3410 re·

278 3467 350 3533 gem
372 3444 485 3518 venit,
509 3442 623 3526 ibique
645 3446 880 3517 conlocutione
899 3446 999 3529 facte,
1021 3461 1060 3506 ut
1081 3432 1189 3512 ablato
1214 3437 1454 3505 Gunthcrnmni
1475 3444 1560 3529 regis
1582 3466 1695 3530 regno,
1714 3444 1755 3506 hi
1777 3443 1809 3509 se
1833 3449 2032 3535 coniungere

280 3546 451 3620 debeant
441 3568 476 3606 ιιι
497 3566 589 3629 pace,
613 3547 661 3606 ait
683 3544 890 3630 Chilpericus
912 3567 993 3608 rex.
1038 3547 1119 3609 Filii
1140 3544 1222 3607 mihi
1244 3545 1387 3629 peccatis
1415 3542 1672 3613 increscentibus
1701 3568 1767 3609 non
1798 3549 2032 3626 remanserunt,

280 3670 340 3710 uec
372 3644 456 3708 mihi
484 3667 573 3707 nunc
596 3647 678 3709 nlius
700 3645 839 3730 superest
860 3647 997 3722 haeres,
1029 3648 1089 3708 nili
1117 3647 1227 3706 fratris
1258 3646 1323 3706 mei
1346 3645 1511 3729 Sygiberti
1534 3644 1640 3724 filius,
1672 3648 1708 3708 id
1738 3647 1781 3710 est
1804 3650 2033 3716 Childebertus

175 3827 183 3834 ⁸
279 3771 348 3810 rex.
392 3744 539 3829 Ideoque
562 3747 782 3825 inomnibus,
808 3769 890 3832 quae
912 3747 1060 3815 laborare
1081 3760 1235 3831 potuero,
1258 3744 1315 3806 hie
1336 3743 1450 3808 haeres
1472 3745 1593 3823 existat,
1617 3738 1742 3816 tantum
1765 3749 1840 3811 dum
1861 3750 2030 3828 advixero,

282 3853 385 3921 liceat
402 3846 486 3918 mihi
504 3846 574 3920 ‚flue
594 3845 747 3933 ,scrupulo
767 3863 829 3922 ,aut
851 3848 1090 3935 disceptatione
1112 3861 1231 3917 cuncta
1256 3846 1408 3920 tenere.“
1428 3877 1473 3895 -··
1516 3849 1586 3910 Cir.
1607 3848 1677 3911 ibd.
1700 3849 1737 3925 6,
1763 3868 1822 3930 ιι..
1835 3879 1879 3901 -ι-

202 4055 209 4078 ἱ
328 4031 331 4035 ›
367 3981 423 4062 13)
445 3979 520 4044 Ibd.
542 3980 576 4058 6,
598 3979 652 4063 46.
674 3956 720 4030 -ἷ
738 3997 781 4059 7,
803 3992 842 4058 5:
864 3979 1117 4068 „Fredegundis
1139 3981 1244 4067 igitur
1264 3983 1379 4068 regine
1399 3996 1532 4065 accepto
1556 3982 1688 4044 consilio
1709 3986 1834 4068 legatos
1853 3984 1895 4049 ad
1903 3968 2033 4050 minti.

281 4106 428 4150 ramnum
461 4105 570 4170 regem
603 4085 729 4160 mittit,
766 4081 898 4145 dicens:
940 4126 963 4158 „
976 4082 1125 4158 „Veniat
1157 4081 1308 4147 dominus
1330 4103 1431 4158 meus,
1456 4097 1490 4144 et
1509 4080 1662 4166 suscipiet
1683 4103 1816 4168 regnum
1839 4089 1949 4150 fratris
1969 4087 2032 4151 sui.

283 4183 356 4262 Eli,
390 4186 516 4271 inquit,
548 4183 761 4258 mihi‘infans
792 4185 967 4270 parvulus,
999 4202 1097 4271 quem
1124 4183 1161 4255 in
1194 4183 1265 4251 eius
1293 4183 1380 4254 uluis
1400 4202 1524 4268 ponere
1545 4181 1742 4261 desiderans,
1765 4209 1817 4252 me
1840 4187 1940 4277 ipsam
1962 4188 2032 4252 eius

283 4287 423 4357 humilio
446 4281 643 4360 ditioni.““
664 4314 708 4341 -ι-

372 4383 965 4472 ι9)(1ι(3..,..Τιιι767ψ-μ
2107 4432 2111 4441 .

367 4488 428 4573 ιο)
447 4485 519 4552 Ibd.
543 4500 584 4566 7,
617 4499 678 4567 33;
723 4486 822 4567 „Post
843 4487 924 4553 haec
945 4510 1005 4593 rex
1026 4487 1289 4559 Guutlscremnnt
1318 4487 1437 4555 dite
1423 4507 1580 4566 sumenti
1601 4493 1707 4582 aegis
1702 4493 1915 4561 childeberti
1928 4485 2033 4571 haia,
