4590 5364
639 467 649 500 1

223 529 336 599 illum
364 529 532 600 colorem
558 524 738 597 inducere
763 524 862 597 vitio
888 524 958 598 fibi
983 549 1067 597 non
1095 526 1317 599 tribuerent.
1371 530 1505 624 Neqiie
1533 554 1624 602 vero
1650 531 1749 602 illud
1770 533 1881 605 valde
1901 535 1974 604 mi·

99 634 104 639 ¹
223 646 385 716 randum
412 640 472 729 est,
501 644 605 739 quod
632 643 836 743 Gregorius
863 644 908 716 in
937 642 1157 716 enarrandis
1185 649 1419 716 Francorum
1447 641 1574 742 gostis,
1604 655 1700 741 quac
1740 647 1885 720 suerint
1913 676 1976 739 cu·

191 764 362 858 ‘iusque
389 761 443 831 rei
470 759 599 832 causae
627 759 829 834 efficientes
857 785 1030 858 quaeque
1055 761 1345 834 consecutiones
1374 759 1547 857 effectae,
1588 780 1654 834 aut
1692 765 1885 860 quomodo
1914 791 1976 838 eo·
2042 838 2049 845 ,

223 903 322 963 rum,
352 901 445 974 quae
470 895 688 965 narrantur,
718 862 829 951 series
857 878 1089 972 cohaeserit,
1129 875 1259 951 afferre
1295 879 1411 974 plane
1436 880 1618 978 neglexit.
1671 885 1772 951 Nam
1805 907 1895 953 cum
1931 907 1978 955 ex
2025 932 2031 941 «
2151 872 2160 883 ’

223 994 340 1092 ipsius
375 995 562 1068 sententia
591 998 721 1069 omnia
749 995 880 1068 divina
916 994 1200 1092 quodammodo
1238 1013 1350 1099 atque
1383 996 1515 1070 fatalia
1551 995 1713 1069 evenisse
1741 998 1975 1097 viderentur,

156 1193 161 1199 ⁶
222 1110 364 1185 libide
391 1113 583 1210 aliquare
611 1115 680 1186 vix
706 1112 896 1186 iudicium
933 1114 1046 1187 licere
1081 1112 1323 1208 opinabatur.
1387 1122 1445 1187 Ne
1479 1140 1571 1187 vero
1607 1113 1652 1186 de
1689 1116 1863 1214 Gregorii
1903 1143 1975 1213 pro

223 1248 342 1305 aetate
382 1248 461 1304 tam
506 1229 687 1331 singulari
723 1254 854 1328 opere,
900 1233 1043 1330 quippe
1092 1257 1168 1328 quo
1208 1237 1439 1307 Francorum
1475 1229 1649 1306 hilloriae
1683 1233 1975 1329 conscribendae
2048 1298 2056 1314 .

224 1350 402 1423 conditor
428 1367 465 1422 et
492 1346 593 1447 qudfi
618 1367 726 1446 pater
752 1346 952 1436 exstiterit,
1004 1349 1124 1421 nimis
1151 1348 1277 1422 severe
1303 1348 1536 1438 iudicemus,
1572 1375 1692 1439 neve,
1730 1350 1835 1448 qudd
1863 1353 1976 1426 laude

223 1463 480 1566 dignissimum
506 1465 575 1556 est,
612 1469 723 1541 omni
747 1468 859 1540 laude
901 1468 1120 1565 privemus,
1164 1493 1387 1565 quaeramus
1426 1488 1525 1543 certe
1562 1471 1609 1543 de
1644 1466 1826 1556 consilio,
1871 1471 2002 1566 quod·

108 1629 112 1639 ·
224 1585 430 1686 Gregorius
448 1576 502 1659 in¹
519 1586 802 1660 conscribendis
825 1586 903 1658 illis
933 1584 1044 1660 libris
1073 1584 1144 1656 fibi
1169 1587 1422 1683 proposuerit.
1474 1594 1532 1660 Ita
1567 1589 1674 1661 enim
1704 1585 1856 1661 sortasse
1885 1591 1974 1660 Gre-

223 1706 354 1804 gorius
381 1728 534 1800 quoque
557 1704 724 1776 excusari
750 1699 881 1795 potest.
947 1705 1065 1773 Cuius
1091 1703 1213 1775 libros
1241 1703 1308 1796 qui
1336 1703 1559 1798 diligentius
1590 1722 1627 1774 et
1655 1706 1865 1777 accuratius
1892 1729 1975 1799 per·

222 1823 368 1921 legerit,
397 1820 510 1891 facile
536 1819 738 1913 intelliget,
766 1815 1000 1910 Episcopum
1026 1815 1291 1888 Turonensem
1311 1840 1393 1890 non
1420 1835 1501 1888 tam
1528 1817 1751 1904 saeculares,
1790 1836 1835 1890 ut
1858 1817 1974 1914 ipsius

222 1939 341 2012 'verbo
377 1952 481 2020 utar,
519 1957 635 2030 quam
674 1929 931 2006 ecclesiasticas
964 1958 1024 2006 res
1063 1930 1249 2031 spectasse.
1259 1925 1296 2025 ⁴)
1334 1928 1485 2007 Praeter
1523 1933 1763 2011 dissensiones
1801 1937 1909 2009 enim
1940 1955 1978 2010 et

180 2028 192 2042 ’
222 2052 450 2128 inimicitias
477 2050 580 2123 inter
613 2072 718 2151 reges
748 2068 862 2137 ortas,
888 2068 1036 2146 praeter
1060 2047 1214 2125 insidias
1251 2069 1293 2125 et
1317 2051 1467 2142 caedes,
1504 2068 1597 2150 quas
1627 2051 1760 2127 fratres
1794 2051 1978 2127 fratribus

227 2190 423 2272 pararunt,
451 2171 497 2243 de
522 2170 662 2266 populi
686 2168 922 2243 Francorum
957 2167 1068 2242 sactis
1095 2166 1268 2271 orgellis
1294 2168 1374 2244 sere
1405 2171 1510 2269 'nihil
1535 2170 1652 2244 nobis
1678 2172 1841 2269 praebet.
1894 2155 1990 2267 Ma}
2042 2158 2058 2215 ³*

224 2293 332 2375 'asima
356 2313 450 2385 vero
476 2287 599 2361 totius
627 2288 750 2384 operis
784 2312 872 2384 pars
898 2288 943 2363 in
970 2287 1188 2364 marrantiis
1215 2285 1472 2377 ecclesiarum,
1509 2288 1788 2386 Episcoporum
1816 2308 1853 2364 et
1888 2294 1978 2368 San·¹
2066 2289 2073 2302 “

225 2429 376 2484 storum
401 2399 596 2480 miraculis
624 2404 871 2479 consumitur.

1049 2612 1085 2700 §-
1107 2625 1144 2701 4·

325 2830 393 2907 Sin
419 2852 511 2902 vero
538 2828 779 2913 exteriorem,
808 2848 924 2924 quam
948 2849 1152 2910 vocamus,
1191 2819 1311 2898 nostri
1338 2826 1515 2923 Gregorii
1540 2826 1714 2900 indolem
1740 2826 1976 2923 respicimus,

223 2973 307 3023 non
341 2948 510 3022 minores
546 2945 638 3019 inde
678 2942 920 3018 difficultates
948 2961 1230 3040 comparantur.
1283 2948 1341 3015 Ita
1367 2945 1472 3017 enim
1498 2944 1646 3016 inculta
1672 2962 1784 3041 atque
1807 2928 1976 3041 inpolita

224 3085 399 3164 apparet,
435 3083 481 3138 ut
515 3063 724 3139 obscuritas
758 3063 968 3136 verborum
1003 3062 1104 3134 haud
1130 3085 1214 3134 raro
1241 3062 1440 3137 sententiis
1468 3062 1609 3135 callum
1635 3064 1828 3160 quoddam
1855 3063 1975 3136 obdu·
2032 3066 2037 3075 '

224 3210 306 3259 cere
340 3183 525 3259 videatur.
588 3183 783 3279 Siquidem
822 3178 997 3280 Gregorii
1035 3179 1225 3270 scribendi
1260 3202 1379 3278 genus
1413 3204 1496 3252 non
1532 3174 1582 3251 est
1607 3179 1849 3277 perspicuum
1876 3179 1977 3252 illud

222 3327 295 3380 neo
321 3301 531 3377 dilucidum
559 3320 672 3398 atque
700 3301 962 3384 enucleatum,
989 3297 1053 3372 sed
1079 3298 1271 3392 asperum,
1299 3298 1548 3395 impeditum,
1587 3313 1829 3385 contortum,
1864 3296 1975 3369 omni

223 3421 355 3518 copiae
393 3421 577 3496 oratoriae
611 3419 782 3493 ubertate
818 3435 856 3490 et
893 3416 1003 3489 omni
1029 3417 1250 3519 elegantiae
1271 3411 1465 3491 venustate
1491 3418 1606 3512 plane
1644 3438 1787 3488 carens.
1842 3411 1974 3513 Quidl
2065 3480 2072 3487 .

114 3624 118 3633 ⁵
196 3543 202 3551 '
223 3539 330 3640 quod
346 3562 395 3611 ne
414 3536 701 3638 grammaticam
727 3535 884 3634 quidem
908 3535 1099 3613 rationem
1124 3535 1269 3629 semper
1295 3531 1531 3625 servavitl¹)
1552 3531 1666 3606 Haud
1685 3551 1825 3607 temere
1841 3533 1973 3632 igitur,

220 3675 342 3754 puto,
383 3655 589 3754 Gregorius
616 3652 732 3750 ipsius
759 3655 974 3728 orationem
1001 3653 1213 3731 sermonem
1247 3649 1429 3726 msticum
1463 3651 1670 3749 appellavit
1691 3643 1740 3740 ⁸).
1791 3652 1972 3723 Attamen

223 3775 410 3857 vitiosum
436 3773 594 3871 quidem
620 3772 717 3857 illud
744 3770 933 3845 scribendi
960 3796 1094 3870 genus,
1122 3770 1294 3844 sednon
1320 3789 1401 3843 tam
1427 3769 1620 3866 scriptoris
1648 3767 1822 3852 inscitia,
1858 3788 1973 3862 quam
2036 3808 2044 3830 .

224 3893 356 3980 aetatis
393 3892 543 3985 ruditus
579 3886 630 3962 est
665 3887 880 3964 accusanda.
944 3895 1044 3961 Nam
1077 3915 1098 3961 a
1132 3890 1331 3963 Musanmt
1364 3889 1477 3963 sacris
1503 3912 1624 3983 paene
1664 3903 1745 3958 tota
1772 3881 1973 3955 abhorruit

225 4006 317 4080 haec
342 4026 442 4084 aetas
470 4026 508 4081 et
534 4007 714 4106 perpauci
741 4026 895 4084 tantum
920 4007 989 4079 vix
1014 4007 1161 4104 aliquid
1187 4006 1232 4080 de
1259 4007 1474 4080 litterarum
1500 4003 1700 4079 dulcedine
1719 3995 1971 4103 degustarunt.

154 4206 159 4213 ,
225 4124 330 4198 Hinc
364 4145 464 4201 certe
499 4128 588 4205 illae
615 4125 661 4200 de
686 4128 786 4200 mala
811 4125 1029 4203 litterarum
1055 4125 1283 4201 conditione
1309 4127 1505 4223 querelae,
1530 4125 1624 4197 hinc
1650 4121 1741 4192 illae
1766 4118 1813 4192 de
1839 4115 1973 4191 aetafis

224 4224 467 4340 perversitate
489 4246 808 4332 lamentationes,
834 4243 976 4349 quibus
1004 4246 1208 4346 Gregorius
1236 4267 1334 4342 opus
1361 4243 1473 4317 suum
1496 4237 1688 4338 praefatur
1701 4226 1764 4329 ³).

1530 4632 1618 4707 Aa
