4590 5364
959 336 1045 435 ..····“ἱ
1130 322 1181 394 73
1282 314 1336 358 ὅ·

269 516 441 618 perfudit
467 508 678 606 dolore,¹¹)
706 535 821 610 quam
847 530 937 583 cum
960 529 1132 606 reparare
1157 531 1241 580 non
1266 502 1399 604 pollet,
1424 495 1631 582 honestiu's'
1647 471 1826 599 debebat,
1867 509 2020 612 stirpem
2080 566 2083 573 ·

270 637 414 736 regiam
429 632 555 734 aipsrus
582 632 678 707 sorti
704 650 816 728 atque
840 620 1089 705 vicissitudini
1114 625 1345 722 permittere,
1370 651 1489 724 quam
1521 624 1668 723 perfido
1706 632 1823 705 modo
1851 633 1932 705 eius
1959 626 2021 706 iu(

167 785 174 795 ·
269 743 716 857 teritumlmaturaress)
765 756 867 821 Natu
892 735 1027 818 fuerat·
1043 746 1200 842 Pippini
1235 745 1386 846 {mimus
1412 771 1494 818 non
1520 746 1672 842 prorsus
1698 747 1832 844 ea.spe
1866 749 2019 824 destitu·
2070 783 2073 794 ·

270 871 470 960 musore,
499 889 543 944 ut
568 869 775 951 mulierum
800 868 965 951 illarum,
994 889 1089 962 quae
1112 863 1322 935 maximam
1349 863 1497 937 civitati
1524 860 1797 952 calamitatem,
1830 868 2016 942 summam

269 991 515 1090 Merovingis
542 985 745 1061 infamiam
776 986 992 1068 attulerant,
1021 981 1151 1055 surore
1178 978 1360 1055 exstincto
1373 1037 1384 1070 ,
1410 981 1566 1075 repressa
1594 985 1915 1084 Merovingorum
1940 991 2016 1060 vir·

267 1099 332 1181 tut
358 1109 496 1182 iterum
524 1109 692 1204 emergat
700 1131 712 1190 3
742 1127 836 1200 quae
862 1100 1019 1197 quidem
1046 1101 1127 1197 spes
1155 1125 1270 1196 quam
1297 1099 1365 1171 diu
1390 1100 1642 1195 perdurabat,
1678 1103 1852 1184 tamdiu
1887 1106 2015 1177 dere.
2053 1171 2054 1174 Ἴ

270 1249 349 1325 gno
376 1225 600 1321 occupando
627 1248 676 1295 ne
703 1224 869 1319 cogitare
896 1218 1051 1317 quidem
1085 1237 1246 1314 poterat.
1308 1220 1452 1315 Neque
1477 1217 1683 1324 defuerunt
1719 1222 1797 1316 spei
1832 1223 2016 1319 quaedam

188 1367 193 1387 ‘
269 1342 499 1417 adiumenta.
561 1347 662 1413 Nam
699 1338 941 1412 Chlothariua
975 1342 1014 1410 11
1050 1337 1128 1409 iam
1162 1362 1229 1432 per
1261 1337 1484 1433 quindecim
1520 1338 1611 1431 illoc
1645 1342 1894 1432 Monarchiae
1929 1344 2015 1416 suae

164 1537 166 1540 .
269 1467 655 1536 annot-Francorum
681 1458 832 1546 animoa
859 1455 928 1529 srbi
955 1455 1081 1529 denuo
1119 1453 1374 1529 reconciliasse
1408 1449 1675 1548 videbatur¹³J
1711 1477 1750 1531 et
1786 1479 1918 1533 contra
1954 1467 2016 1534 Sa·

268 1604 391 1654 xoues
416 1603 498 1653 non
524 1575 601 1650 line
626 1578 770 1651 virtute
796 1593 908 1672 atque
933 1575 1044 1646 laude
1070 1565 1353 1672 pugnabat3¹⁴)
1380 1598 1505 1669 neque
1521 1577 1764 1670 Dagobertus
1785 1578 2016 1653 fortitudine

216 1704 221 1710 ’
270 1677 405 1774 bellica
446 1699 559 1794 plane
597 1696 754 1768 carebat.
770 1688 821 1782 ¹³)
874 1693 1019 1788 Atque,
1047 1715 1098 1762 ne
1125 1691 1269 1762 iteratis
1297 1691 1408 1789 regni
1435 1688 1688 1765 divisronibua
1714 1719 1838 1766 novae
1856 1675 2023 1769 fratrum

270 1814 478 1888 discordiae
505 1808 762 1896 excitarentur:
786 1801 1102 1904 civiumque'vix
1118 1805 1316 1878 restaurata
1345 1833 1422 1903 pax
1448 1807 1574 1893 denuo
1594 1812 1894 1895 conturbaretur,
1923 1816 2016 1888 Cha·

269 1931 424 2018 riberto,
452 1931 663 2030 Dagoberti
689 1926 810 2015 fratri,
837 1950 1069 2024 quamquam
1095 1926 1205 2023 regui
1231 1923 1427 2022 quaedam,
1454 1943 1498 1997 ut
1524 1926 1616 1998 inde
1640 1928 1787 2000 victum
1813 1929 1882 2002 sibi
1914 1957 2018 2021 com·

269 2067 430 2148 pararet,
458 2047 658 2149 regiminis
684 2063 813 2118 tamen
839 2047 946 2117 nulla
982 2044 1259 2117 concedebatur
1284 2068 1382 2139 para.
1403 2033 1455 2135 1⁶)
1508 2050 1609 2116 Nam
1634 2048 1924 2141 praeteritorum
1962 2077 2018 2123 re·

271 2169 440 2255 cordatio
466 2168 510 2239 in
537 2166 607 2238 hac
634 2188 789 2262 quoque
806 2164 855 2236 're
880 2160 1104 2236 futurorum
1128 2159 1239 2234 fuisse
1264 2160 1418 2235 videtur
1444 2163 1591 2257 optima
1618 2160 1792 2263 magistra
1820 2166 2019 2243 ‹et-fimus·
2094 2175 2100 2209 ²

270 2284 407 2361 samum
440 2271 678 2384 praesidium,
731 2277 934 2379 Postquam
958 2305 1062 2367 vero,
1091 2279 1274 2354 defuncto
1301 2298 1418 2376 patre,
1446 2280 1687 2378 Dagobertus
1726 2284 1769 2354 in
1809 2283 2020 2359 Neustriant

271 2402 438 2479 reversus
466 2407 511 2478 ab
540 2399 875 2495 incepta-virtutis
900 2399 963 2470 via
993 2390 1200 2474 aberravit,
1236 2395 1492 2467 restaurandae
1518 2400 1841 2496 Merovingorum
1876 2406 2019 2501 gloriae

207 2523 209 2529 ’
272 2522 411 2594 ultima
438 2522 521 2615 spes
549 2517 662 2590 suuul
695 2514 862 2588 evanuit
915 2513 1016 2609 Aega
1036 2512 1142 2583 enim
1167 2536 1255 2585 eum
1272 2510 1445 2584 savorem
1476 2513 1709 2609 Dagoberti,
1746 2542 1862 2614 quem
1889 2523 2019 2615 Pippi·

273 2660 347 2709 nus
374 2651 529 2732 propter
554 2631 720 2705 nimiam
744 2655 900 2703 morum
924 2629 1159 2703 severitatem
1185 2629 1411 2725 perdiderat,
1437 2627 1681 2704 sublevandis
1707 2651 1745 2704 et
1761 2634 1861 2730 quast
1884 2636 2020 2711 foven-

275 2754 333 2828 dis
359 2749 570 2826 libidinosis
596 2751 695 2849 regis
721 2746 985 2844 voluptatibus
1012 2745 1081 2818 fibi
1119 2745 1322 2820 vindicasse
1359 2763 1398 2819 et
1426 2748 1656 2822 conservasse
1682 2750 1846 2824 videtur.
1860 2749 1910 2844 ¹⁷)
1972 2761 2022 2828 Et

272 2872 326 2945 ita
355 2872 409 2958 is,
437 2869 517 2967 qui,
550 2869 728 2942 omnium
753 2867 948 2938 bonorum
972 2863 1054 2962 spes
1082 2881 1120 2936 et
1147 2863 1297 2953 fiducia,
1325 2866 1485 2937 ultimus
1510 2864 1706 2962 quesierat
1725 2895 1773 2945 ex
1793 2889 1918 2964 vetere
1937 2879 2020 2946 Me·

272 2992 527 3089 rovingorum
546 2984 670 3083 stirpe,
688 2984 803 3058 huius
822 2980 946 3079 stirpis
963 2983 1165 3055 interitum
1193 3010 1275 3058 non
1304 2986 1451 3070 avertit,
1472 2984 1535 3056 sed
1553 2982 1662 3058 sicuti
1692 2987 1732 3073 ii,
1757 3014 1853 3084 quos
1873 2991 2019 3065 secutus

273 3126 365 3194 erat,
392 3109 444 3180 ita
462 3105 541 3201 ipse
569 3122 607 3176 et
637 3101 873 3200 praeparavit
908 3118 946 3172 et
979 3102 1195 3175 maturavit.
1250 3103 1427 3197 Sequitur
1452 3104 1556 3174 enim
1580 3130 1811 3178 nuncnova
1839 3108 2020 3202 quodam·

274 3227 392 3298 modo
423 3222 551 3320 stirps,
586 3221 721 3294 misera
738 3222 804 3292 illa
826 3219 1002 3315 quidem,
1030 3222 1202 3296 cuicum
1229 3221 1349 3329 peteri
1366 3220 1467 3295 nihil
1493 3207 1644 3295 videtur
1669 3219 1777 3296 fuisse
1806 3249 2021 3315 commune,

275 3339 348 3418 nili
369 3344 513 3417 avitum
529 3365 674 3416 nomen
696 3338 1029 3439 M'erovingorum.

1096 3537 1133 3626 ὃ·
1173 3549 1210 3629 t·

381 3718 527 3819 Quodsi
548 3722 607 3794 his
634 3723 687 3796 ita
713 3718 952 3794 consideratis
988 3724 1217 3796 contendere
1250 3719 1467 3821 possumus,
1502 3723 1672 3822 Pippino
1698 3728 1718 3796 1
1756 3727 1934 3799 nondum
1968 3712 2024 3796 r'e·

280 3838 350 3936 gni
376 3840 621 3936 cupiditatem
646 3839 689 3912 in
715 3857 885 3912 mentem
910 3838 1062 3926 re‘nisle,
1091 3866 1207 3937 quam
1233 3844 1436 3916 vehemens
1464 3861 1597 3914 contra
1632 3868 1821 3942 quamque
1856 3868 2023 3939 praema-

280 3973 366 4027 tura
393 3959 612 4046 Grimoaldi‚
638 3957 835 4054 PippiniI
864 3957 946 4045 filii,
974 3956 1091 4030 suerit
1118 3960 1227 4056 regni
1253 3956 1463 4049 affectatio,
1502 3958 1617 4057 ipfiua
1644 3963 1824 4034 interitus
1852 3953 1942 4032 satis
1969 3977 2023 4031 te·
2063 3959 2069 3968 '

281 4067 407 4148 stetur.
459 4078 701 4174 Dagobertua
728 4077 844 4156 enim,
872 4094 916 4146 ut
940 4074 1030 4148 inde
1055 4075 1358 4172 proficiscamur,
1387 4077 1497 4154 sicuti
1524 4080 1668 4152 olima
1702 4098 1807 4175 patre
1846 4077 2026 4150 ehlotha-

282 4192 342 4266 rio
370 4187 560 4265 Australiia
587 4194 712 4266 fuerat
737 4190 982 4289 praepostus,
1010 4196 1065 4265 ita
1091 4218 1201 4266 nunc
1225 4193 1308 4268 lilio
1336 4197 1524 4294 Sigiberto
1562 4200 1722 4270 eandem
1748 4196 1856 4296 regni
1882 4178 2030 4292 partem

281 4311 486 4412 regendam
512 4312 788 4398 committebat,
816 4309 1022 4410 Adalgisrlo
1049 4318 1158 4384 Duce
1185 4329 1222 4384 et
1257 4299 1477 4387 chariberto
1512 4301 1704 4411 Episcopo
1740 4310 1942 4388 Coloneus
1969 4333 2029 4386 tu·

283 4431 443 4506 toribus.
459 4424 491 4520 ¹)
544 4427 734 4525 Bippinua
760 4445 891 4498 tamen
917 4447 1049 4499 utrum
1076 4430 1122 4499 ab
1150 4428 1265 4500 initio
1293 4431 1402 4526 regni
1430 4432 1608 4528 sigiberti
1633 4435 1761 4506 Maior
1788 4433 1924 4506 domus
1952 4432 2030 4502 Au·
2135 4449 2141 4459 '

285 4544 497 4624 lireliorum
523 4544 655 4632 suerit,
682 4567 755 4640 pro
783 4542 1012 4641 scriptorum
1040 4544 1304 4647 ambiguitate,
1328 4547 1400 4619 uix
1426 4548 1568 4624 certius·
1593 4548 1749 4625 desinire
1774 4551 1875 4626 licet.
1931 4555 2031 4622 Cou-

293 4682 301 4693 ’
1195 4672 1197 4678 “
1544 4760 1547 4771 ,
1595 4689 1629 4760 tt

1040 4863 1050 4895 Ι
