4590 5364
974 344 1364 413 ..,,,-

369 528 425 609 13)
448 531 518 594 cfr.
549 532 711 617 Excerpta
741 529 862 594 Chron.
892 527 1037 590 Faranfis
1067 525 1277 591 Monalterii:
1296 528 1359 593 Du
1388 526 1519 592 Chesne
1542 527 1611 604 111,
1644 551 1676 615 p.
1699 527 1762 607 652
1785 527 1822 592 d.
1869 533 2034 607 „Iisrolus

279 631 349 694 Dei
378 635 481 718 gratia
512 647 592 695 ectr
639 632 800 695 Omnibus
823 629 1004 715 Episcopis,
1029 627 1221 706 abbatibus,
1248 628 1420 707 Ducibus,
1444 631 1649 706 Comitibua,
1672 631 1825 710 Vicariis,
1850 633 2035 719 Domesticis

281 737 335 794 vel
358 734 506 795 omnibus
528 732 635 796 Mittis
657 731 770 794 nostris
793 730 1065 811 discurrentibus:
1091 729 1181 793 ect.“
1202 758 1276 813 ''¹.
1329 814 1332 821 ι

369 835 426 914 ι4)
449 838 503 896 De
525 837 701 896 Hincmaro
724 850 758 896 et
779 833 906 908 libello,
930 854 1022 916 quem
1040 831 1080 894 da
1096 831 1211 894 ordine
1228 847 1261 895 et
1277 824 1396 900 officiis
1417 834 1534 896 Palatii
1558 833 1755 917 conscripsit,
1780 837 1838 898 cfr.
1854 840 1912 899 Du
1932 838 2049 903 cher-t

280 957 321 996 ne
343 937 378 998 11
399 959 434 1020 p.
457 948 530 1014 478.
552 965 596 981 ·-
639 933 763 999 Claude
786 933 933 997 Fauchet
956 934 1111 1020 Origines
1135 932 1191 996 des
1214 927 1361 1020 dignitez
1384 952 1446 997 act.
1469 939 1491 998 1.
1518 955 1545 1011 ι,
1570 935 1621 997 ch.
1644 945 1677 1013 {a
1700 964 1745 979 -

1074 1083 1139 1158 ,ὓι
1169 1098 1199 1163 3·
2034 1161 2037 1164 .

356 1221 398 1318 ἰ)
423 1223 518 1310 Greg.
540 1224 619 1285 Tur.
644 1232 686 1302 4,
718 1223 767 1288 ιβ.
816 1212 886 1299 „Et
913 1221 1017 1284 statim
1048 1221 1181 1283 directis
1204 1221 1283 1283 viris
1305 1221 1465 1308 religiofis
1487 1220 1684 1307 Episcopum
1707 1225 1742 1284 in
1773 1227 1852 1286 loco
1878 1223 2027 1301 restituit,

277 1323 419 1410 dirigens
453 1327 550 1388 etiam
582 1326 737 1408 quosdam
767 1324 807 1388 de
837 1326 1020 1388 camerariis
1042 1322 1125 1398 suis,
1164 1323 1221 1405 qui
1251 1324 1376 1386 exactis
1408 1325 1595 1387 aLeontio
1619 1323 1773 1408 episcopo
1797 1325 1886 1388 mille
1909 1329 2026 1402 aureis,

127 1499 130 1508 .
211 1517 214 1523 ‚
276 1425 421 1510 reliquos
445 1429 537 1487 iuxta
558 1410 800 1509 poffibilitatem
823 1425 1075 1491 condemnemus
1098 1421 1306 1508 episcopos.“
1329 1453 1374 1469 -
1430 1513 1433 1516 Δ

361 1528 398 1599 n)
423 1527 523 1612 Greg.
545 1530 623 1590 Tur.
646 1527 686 1604 6,
707 1536 760 1607 44
781 1557 827 1574 ·-

361 1626 397 1703 3)
421 1627 552 1713 Fredgr.
576 1627 699 1690 Chron.
724 1651 752 1689 c.
775 1638 807 1706 4
830 1618 981 1690 Eundeni
998 1626 1263 1690 Wandalmarum
1286 1628 1458 1693 Aimoinur
1482 1629 1661 1702 „Gamerae
1676 1631 1786 1714 regiae
1803 1630 2027 1713 praefactum“

138 1708 167 1753 1
274 1729 439 1804 nominat,
472 1750 536 1812 quo
569 1731 747 1793 camerarii
778 1728 921 1816 dignitas
951 1731 1071 1793 certius
1109 1725 1347 1814 quodammodo
1377 1726 1542 1790 definitur.
1576 1729 1635 1789 cfr.
1687 1730 1835 1791 Aimoiui
1864 1734 2027 1794 monachi

273 1829 483 1891 Floriacenfis
507 1827 577 1889 hist.
601 1832 716 1892 Franc.
738 1834 760 1890 l.
782 1843 815 1907 3.
839 1853 867 1891 c.
891 1842 944 1908 75.
965 1859 1010 1874 -
1117 1892 1121 1901 ,

358 1929 396 2007 4)
419 1931 496 1991 Vita
519 1930 565 1990 St.
588 1929 739 1992 audoeni
762 1952 790 1990 c.
814 1940 845 2008 4.
872 1934 929 1992 Du
953 1931 1082 1994 Chesne
1104 1932 1133 1994 I.
1156 1957 1191 2019 p.
1213 1929 1290 2006 635.
1313 1957 1379 2007 -·,

357 2033 396 2106 5)
418 2031 584 2111 Hincmar.
609 2031 649 2094 de
671 2030 740 2094 ord.
764 2046 798 2093 et
819 2031 876 2093 off.
899 2031 1001 2092 Palat.
1026 2055 1053 2093 c.
1078 2048 1137 2092 aa:
1171 2035 1252 2107 „De
1261 2028 1427 2092 honestata
1449 2050 1527 2092 vero
1550 2029 1667 2112 palatii
1689 2027 1951 2115 seu·specialiter
1974 2057 2024 2097 or·

273 2145 428 2193 numento
448 2134 551 2216 regali
572 2120 720 2194 necnon
743 2130 784 2194 do
806 2130 902 2192 donis
924 2131 1042 2191 annuis
1064 2127 1206 2192 militum
1229 2129 1350 2214 absque
1373 2129 1448 2190 cibo
1466 2143 1501 2190 et
1521 2144 1604 2212 potu
1625 2133 1680 2192 val
1703 2132 1796 2213 equis
1818 2131 1857 2193 ad
1880 2136 2024 2220 reginam

155 2236 159 2241 ”
271 2233 447 2315 praecipuo
467 2248 501 2294 et
522 2232 580 2294 sub
603 2222 678 2317 ipsa'
693 2232 734 2294 ad
762 2231 979 2295 Contrarium
1002 2230 1201 2313 pertinebat,
1224 2245 1259 2293 et
1280 2228 1456 2291 secundum
1479 2230 1637 2312 cuiusque
1660 2232 1709 2292 rei
1732 2233 1920 2314 qualitatem
1937 2232 2026 2318 ipso·¹

271 2355 341 2393 rum
359 2332 535 2396 solicitudo
559 2349 637 2408 erat,
661 2349 699 2396 ut
721 2349 868 2410 tempore
889 2351 1035 2412 congruo
1054 2329 1178 2413 semper
1200 2333 1311 2392 turma
1333 2330 1578 2414 prospicerent,
1600 2352 1642 2393 na
1664 2331 1754 2414 quid,
1780 2333 1854 2394 dum
1878 2357 1960 2418 opus
1978 2337 2025 2398 es·

271 2431 336 2506 let,
359 2437 522 2490 ullatenus
553 2441 739 2509 opportuno
770 2441 917 2508 ternpore
948 2426 1112 2488 defuiffet.
1156 2432 1210 2490 De
1234 2428 1329 2490 donis
1352 2450 1431 2490 vero
1453 2428 1650 2490 diversarum
1671 2433 1872 2515 legationum
1895 2433 1935 2495 ad
1962 2436 2023 2498 Ca·

271 2534 442 2591 mererium
465 2525 681 2608 adspiciebat‚
704 2525 764 2585 nifi
786 2526 889 2600 forte,
922 2525 1057 2589 iubente
1088 2548 1182 2613 rege,
1206 2532 1270 2588 tale
1293 2525 1421 2608 aliquid
1443 2525 1528 2601 affut,
1557 2528 1644 2610 quod
1666 2532 1799 2614 reginae
1821 2531 1861 2591 ad
1886 2549 2023 2595 tractan-

272 2631 350 2691 dum
374 2650 447 2689 cum
470 2625 540 2711 ipso
563 2624 792 2711 congrueret.“
814 2655 857 2670 -
892 2626 943 2707 Du
967 2626 1082 2686 Fresrse
1106 2641 1220 2689 contra
1242 2626 1266 2688 s.
1290 2649 1322 2689 v.
1351 2624 1555 2689 Camerarius
1578 2625 1657 2689 haec
1678 2628 1790 2690 affert:
1815 2631 2027 2705 „camerarii

271 2729 371 2792 iidem
404 2727 576 2802 videntur,
606 2728 664 2809 qui
695 2725 754 2788 sub
785 2725 923 2790 secunda
955 2748 1068 2813 regum
1097 2725 1276 2790 nostrorum
1308 2726 1405 2812 stirpe
1439 2727 1554 2790 Nuntii
1582 2726 1737 2790 Gamerae
1764 2733 2021 2815 appellabantur,

261 2831 389 2915 'quibus
411 2831 653 2914 provinciarum
676 2844 709 2891 et
729 2829 880 2902 urbium,
913 2848 996 2910 quae
1024 2828 1197 2891 adliscum
1220 2829 1363 2915 regium,
1403 2827 1569 2891 Camarum
1592 2829 1716 2892 dictum
1739 2835 1871 2916 proprio
1895 2834 2023 2920 'specta-

269 2935 365 3006 bant,
394 2953 472 2994 cura
500 2929 753 2992 demandabatur
782 2945 937 3013 erantque
960 2932 1064 2992 veluti
1084 2946 1311 3015 procuratores
1334 2928 1402 2992 fisci
1424 2932 1460 2993 in
1483 2931 1525 2994 iia
1547 2934 1729 3015 provinciis
1751 2950 1785 2995 et
1807 2936 2019 3019 urbibuseo·
2066 2996 2072 3009 ,

270 3056 405 3119 rumque
428 3056 500 3096 curn
524 3032 660 3094 ducibus
684 3031 861 3095 habebatur
884 3046 1018 3114 aequata
1042 3030 1215 3113 potestne„
1248 3033 1316 3096 cfr.
1342 3030 1465 3093 Claude
1477 3032 1618 3094 Faachet
1640 3033 1790 3115 Origines
1805 3034 2020 3122 des'dr'gaitez

269 3152 330 3200 ect.
354 3139 375 3196 l.
402 3153 431 3195 ι.
455 3134 505 3196 alr.
528 3133 586 3217 9.“
614 3161 658 3181 ·-
1222 3157 1226 3163 ·
1566 3153 1570 3164 ·

353 3235 391 3311 6)
416 3237 512 3323 Greg.
536 3240 614 3299 Tur.
641 3253 700 3311 ιο,
727 3251 776 3297 ιο.
798 3261 842 3279 ·-
888 3246 891 3253 ’

354 3337 392 3412 7)
426 3337 548 3400 Chron.
582 3330 764 3401 Fontanell.
795 3359 821 3398 c.
855 3355 884 3399 ι.
939 3338 1082 3414 „Edicta
1115 3335 1156 3399 est
1186 3336 1266 3399 haec
1296 3334 1501 3400 confirmatio
1523 3364 1566 3381 -
1586 3364 1629 3382 -
1651 3352 1683 3399 et
1706 3336 1833 3400 directa·
1850 3337 2020 3425 Teutgisso
2149 3372 2156 3380 ·

270 3438 457 3504 Domestico
480 3432 513 3502 et
536 3438 655 3503 custodi
680 3439 816 3502 saltuum
839 3439 1053 3523 villarumque
1074 3435 1269 3525 regalium.“
1290 3467 1333 3484 -
1812 3460 1815 3464 ·
1912 3428 1918 3437 ’

352 3544 388 3619 8)
411 3542 488 3604 Vita
512 3542 557 3603 St.
580 3539 747 3603 Richariis
766 3544 826 3604 Du
848 3539 978 3604 Choana
1000 3542 1028 3618 I,
1050 3564 1085 3626 p.
1108 3539 1171 3619 653
1193 3543 1231 3603 Α.

341 3643 389 3726 ⁸9)
414 3643 510 3728 Greg.
535 3644 614 3702 Tur.
636 3653 670 3720 g,
694 3651 745 3722 4ο.
768 3670 813 3688 -

353 3745 411 3817 ιο)
435 3745 531 3828 Greg.
556 3745 636 3803 Tur.
658 3753 690 3818 5,
713 3752 765 3822 43.
787 3773 833 3788 —

354 3845 407 3920 ιι)
434 3846 624 3907 Hiracmarar
646 3843 778 3927 quidem
801 3842 841 3906 da
863 3844 916 3906 his
938 3848 1009 3933 agit
1030 3847 1064 3908 in
1085 3851 1108 3909 l.
1131 3851 1154 3909 l.
1188 3869 1216 3909 c.
1242 3845 1283 3909 ι6
1305 3861 1337 3908 st
1360 3866 1389 3908 c.
1413 3858 1463 3924 03.
1518 3832 1659 3932 §sepius
1683 3868 1796 3910 eorum
1825 3848 1951 3909 mentio
1984 3847 2021 3908 fit

268 3945 325 4007 sub
348 3946 465 4008 Carolo
488 3949 632 4033 Magno,
664 3961 697 4009 at
717 3947 893 4032 praecipuo
924 3949 960 4009 in
992 3949 1173 4033 Capitulari
1196 3948 1236 4012 da
1258 3949 1348 4011 villis
1371 3970 1389 4009 a
1412 3949 1531 4010 Carolo
1554 3949 1681 4035 Magno
1704 3948 1795 4010 edito
1819 3949 1878 4009 cfr.
1902 3948 2019 4009 Belua.

268 4047 506 4130 Capituluml,
535 4070 568 4131 p.
598 4062 658 4125 331
677 4045 744 4133 sqq.
797 4045 883 4110 Satis
912 4048 1046 4135 copiose
1068 4047 1108 4111 do
1130 4047 1283 4112 omnibus
1306 4050 1360 4111 Da
1384 4046 1500 4112 statas
1520 4053 1543 4112 l.
1566 4052 1587 4112 1.
1610 4047 1667 4110 tub
1699 4047 1750 4113 his
1774 4047 1848 4132 ipsis
1871 4048 2018 4125 roribus,

268 4161 301 4209 et
324 4145 364 4210 de
386 4149 551 4211 nonnullis
578 4148 913 4214 cunderammi.
937 4155 960 4213 1.
984 4149 1203 4236 disputarunt.
1225 4179 1270 4196 -

1097 4292 1187 4400 oi.

351 4435 384 4509 ι)
406 4435 481 4498 Lex
502 4434 566 4499 sit
592 4455 650 4512 ιι,
672 4434 704 4499 6.
749 4435 809 4511 „Si
843 4439 916 4521 quia
951 4437 1129 4513 Maiorem,
1161 4439 1378 4530 Infertorem,
1409 4437 1642 4512 Scantianum,
1674 4436 1923 4513 Marmaricam,
1955 4410 2018 4500 sca.

267 4538 426 4602 tutaverit
442 4553 498 4601 aut
516 4534 673 4600 occiderit
706 4552 768 4600 act·
800 4536 929 4604 Mccc
950 4537 1061 4602 denar.
1079 4541 1136 4624 qui
1156 4539 1286 4601 faciunt
1309 4536 1389 4600 rota.
1413 4536 1540 4602 XXXV
1565 4540 1737 4625 culpabilis
1759 4538 1959 4605 iudicatur.“
1979 4565 2022 4582 ··

1528 4632 1612 4733 Οἰ
