4590 5364
1036 239 1519 392 ..44

351 451 459 575 socos
486 504 552 577 isle
578 508 780 602 repugnet,
806 501 943 600 cuique
967 527 1035 601 per
1060 501 1096 578 se
1122 520 1237 602 patet.
1289 508 1483 578 Praeterea
1509 503 1552 578 in
1575 500 1725 591 ¹duabus
1751 496 1930 580 Marculsi
1952 492 2104 583 formu·

244 640 250 654 '
351 623 400 708 iis
429 624 556 695 Maior
584 624 718 695 domus
745 622 798 694 ita
824 623 1069 713 nominatur,
1107 641 1152 695 ut
1177 623 1275 723 regis
1301 623 1406 703 vices
1433 623 1718 720 quodammodo
1745 623 1943 721 suscepisse
1976 629 2108 701 vides

292 744 294 751 ⁴
322 811 325 815 ,
356 760 425 812 tur.
481 732 649 838 Quarum
674 741 835 838 quidem
862 744 997 830 altera,
1037 743 1197 830 „Charta
1234 743 1279 838 dc
1294 734 1574 815 'Mundeburde
1600 743 1714 842 Regis
1742 761 1780 816 et
1804 744 2020 840 principis“
2046 746 2106 818 in·

326 860 511 954 vscripta,
539 885 605 929 rex
631 859 798 955 aliquem
827 885 873 944 ex
900 861 1045 934 clericis
1073 859 1330 955 superioribus
1357 861 1421 932 seu
1447 861 1692 957 Episcopum,
1722 862 1785 934 seu
1810 844 2011 951 Abbatem,
2039 864 2129 961 qui‘

248 1054 253 1060 ‚
351 977 466 1072 ipsius
487 978 647 1048 tutelam
666 997 849 1074 „propter
867 981 1060 1052 malorum
1077 979 1282 1079 hominum
1299 978 1478 1050 'inlicitas
1504 975 1790 1052 infestationem
1816 981 2017 1076 petiverat,
2045 970 2107 1052 tu·’

352 1098 448 1168 telae
476 1114 513 1166 et
539 1095 723 1198 praefidio
751 1097 912 1187 Maioris
940 1099 1097 1185 domus,
1126 1096 1228 1194 quast
1253 1095 1367 1192 ipsius
1394 1097 1567 1185 Vicario,
1595 1098 1805 1171 committit
1814 1091 1874 1188 3²)
1904 1116 1957 1152 -“
1982 1100 2025 1170 in
2053 1099 2130 1170 al·'

352 1218 472 1285 terius
498 1239 602 1299 vero,
632 1240 726 1310 qnae
753 1213 992 1290 inscribitur:
1047 1216 1222 1304 „Relatio
1237 1213 1474 1313 -Pag'enfium
1500 1215 1547 1287 ad
1581 1203 1725 1337 Regem
1764 1215 1959 1301 directa‚“·-
1985 1215 2106 1288 intro·

354 1334 538 1412 ductione
563 1334 693 1404 Maior
719 1332 856 1436 domus
883 1337 980 1432 Regi
1006 1335 1115 1409 velut
1141 1334 1416 1431 aequiparatur
1440 1325 1475 1425 3)
1527 1337 1573 1405 Ιιι
1608 1335 1684 1405 alio
1703 1326 1796 1406 Vit.
1834 1338 1885 1404 St.
1922 1332 2108 1404 Praeiecti
2152 1326 2161 1348 ⁸

351 1452 439 1523 loco
468 1452 624 1549 „regali
637 1419 837 1545 permisso“
860 1454 1076 1555 apponitur
1079 1453 1426 1556 ‚,Maiorinatus“,
1459 1451 1519 1524 i
1516 1477 1548 1523 e.
1586 1450 1751 1523 Maioris
1779 1449 1916 1524 domus
1944 1451 2106 1523 auctori·

352 1588 422 1656 tas,
449 1571 535 1655 ita,
543 1587 587 1640 ut
609 1563 712 1640 idem
738 1569 908 1643 valuisse
917 1563 1104 1644 videatur.
1113 1563 1150 1663 4)
1205 1570 1277 1645 Sed
1311 1571 1402 1644 haec
1428 1591 1476 1644 et
1491 1568 1632 1644 similia
1654 1593 1740 1642 non
1775 1588 1856 1641 tarn
1890 1568 2107 1668 argumenti
2160 1566 2164 1573 ’

315 1674 320 1681 ’
354 1688 553 1760 cuiusdam
578 1689 855 1776 auctoritatem,
884 1715 999 1785 quarn
1024 1691 1202 1800 speciem.
1207 1709 1364 1770 tantum
1389 1691 1569 1762 mihimet
1595 1688 1667 1784 ipsi
1696 1690 1873 1795 praebere
1896 1688 2102 1774 videntur,

323 1807 466 1899 'idque
494 1808 694 1900 praecipue
720 1824 931 1900 propterea,
960 1811 1065 1903 quod
1091 1809 1137 1877 ad
1165 1809 1344 1878 seriorem
1377 1826 1532 1876 tantum
1559 1818 1718 1877 aetatem
1744 1805 1952 1913 pertinent,
1980 1826 2106 1900 neque

313 1901 318 1917 ’
354 1923 400 1993 ad
426 1924 596 2016 primam
615 1923 777 1994 Maioris
805 1925 943 1996 domus
970 1926 1236 2002 conditionem
1263 1923 1565 2023 cognoscendam
1591 1925 1760 1994 multum
1787 1892 1912 1995 'valere
1930 1919 2102 2023 possunt.
2167 1978 2172 1983 .

354 2040 542 2112 Seriorem
569 2066 658 2113 vero
664 2040 895 2114 Maiorum
910 2041 1048 2115 domus
1076 2043 1362 2152 conditionem,
1389 2038 1612 2138 potestatem
1638 2059 1676 2113 et
1702 2041 1850 2112 exitum
1888 2040 1916 2112 fi
1951 2029 2103 2155 respici·

352 2184 459 2244 mus,
495 2160 653 2230 nullam
680 2179 776 2254 puto
812 2162 933 2259 magis
971 2160 1190 2233 confirmari
1217 2180 1254 2232 et
1281 2159 1524 2254 comprobari
1558 2157 1659 2255 posse
1696 2158 1942 2244 sententiam,
1987 2179 2102 2254 quam

330 2271 529 2347 'nostr-arn.
585 2274 786 2374 Postquam
809 2281 921 2351 enim
947 2294 1074 2357 totum
1100 2304 1263 2379 regnum
1290 2279 1561 2351 Francorum
1550 2304 1592 2348 1n
1621 2295 1694 2349 tres
1712 2277 1843 2350 divisa
1869 2275 1993 2347 fuerat
2018 2297 2101 2368 para

352 2413 421 2480 tea,
449 2392 691 2483 Austrasram,
729 2394 1006 2476 Neustriamet
1030 2398 1298 2498 Burgundiam
1322 2413 1421 2494 quot
1447 2421 1563 2496 reges,
1592 2395 1756 2467 totidem
1781 2395 1859 2465 fere
1881 2392 2028 2487 semper
2044 2390 2103 2460 in·

351 2514 758 2587 veniunturMaiores
785 2514 934 2602 domus,
962 2517 1036 2601 ita,
1052 2534 1109 2586 ιιι
1140 2517 1252 2586 suum
1279 2517 1440 2608 quisque
1466 2541 1533 2584 rex
1559 2506 1712 2585 haberet
1736 2508 1942 2586 Vicariu'm.
1997 2514 2101 2605 Quo-¹

353 2633 424 2702 ties
451 2657 542 2703 vero
570 2657 670 2701 turus
698 2658 764 2701 rex
790 2651 917 2703 totum
943 2655 1106 2726 regnum
1132 2628 1343 2726 regendum
1369 2628 1546 2721 suscepit,
1574 2645 1648 2698 tres
1675 2645 1805 2699 tamen
1832 2630 2005 2700 Maiores
2037 2624 2103 2697 do·
2156 2622 2162 2633 “
2267 2617 2273 2627 ’

350 2775 439 2820 mus
467 2774 511 2818 eo
540 2747 696 2819 consilio
723 2747 915 2820 retinuisse
940 2748 1121 2820 videntur
1147 2746 1294 2832 Franci,
1323 2762 1367 2815 ut
1392 2743 1419 2816 st
1444 2738 1527 2816 non
1554 2767 1701 2841 regem,
1738 2745 1836 2839 regis
1865 2742 1962 2814 ce'rte
1988 2745 2102 2814 suum

354 2891 526 2961 quaeque
565 2867 768 2960 provincia
802 2869 956 2938 haberet
981 2867 1181 2939 vicarium.
1233 2872 1290 2936 Ita
1318 2863 1538 2935 Chloth'ario
1565 2867 1601 2932 II
1631 2862 1673 2933 iu
1707 2857 1880 2930 Neustria
1916 2877 2102 2957 regnante

307 3054 310 3061 4
355 2981 547 3055 Austrasris
583 2984 710 3071 sindo,
746 2986 1040 3058 warnacharius
1076 2983 1423 3082 Burgtmdionibus
1469 2981 1637 3053 Maiores
1684 2978 1821 3066 domus
1868 2974 2102 3049 constituun-

357 3120 429 3173 tur.
444 3096 477 3191 5)
505 3141 557 3155 -—
608 3110 742 3200 Neque
767 3100 918 3176 difficile
936 3099 994 3194 ¹est
1020 3102 1225 3199 explicatu,
1254 3082 1451 3197 quomodo
1488 3098 1620 3170 seriori
1655 3115 1830 3192 tempore
1863 3091 1963 3194 regis
1997 3096 2102 3166 Vica-

246 3313 249 3316 .
356 3222 433 3293 rius
455 3222 507 3291 ¹ad
543 3239 691 3292 tantam
725 3226 923 3318 pervenire
957 3223 1148 3318 potuerit·
1167 3214 1399 3314 potestatem.
1455 3217 1546 3303 Cui,
1583 3216 1697 3287 semel
1732 3214 1915 3284 exercitui
1951 3216 2104 3309 quoque

284 3371 290 3381 r
355 3340 569 3439 praesecto,
609 3343 736 3411 omnia
776 3343 823 3412 ad
859 3343 1003 3439 regiam
1038 3339 1160 3437 ipsam
1193 3335 1443 3434 perveniendi
1477 3331 1697 3430 potestatem
1727 3335 1957 3439 adiumenta
1987 3349 2103 3425 atque
2155 3326 2160 3332 ”

355 3457 533 3551 praesidia
561 3456 669 3529 struul
698 3478 804 3531 erant
831 3455 1031 3537 concessa..
1066 3461 1117 3529 Et
1142 3455 1228 3554 quis
1249 3473 1421 3551 tempore
1446 3454 1606 3526 illorum
1623 3453 1965 3549 Meroviugorum,
2002 3470 2099 3544 quos

357 3577 587 3645 recentiores
616 3579 749 3647 Franci
775 3576 877 3647 haud
911 3579 1040 3670 inepte
1074 3576 1154 3661 „les
1190 3571 1445 3646 fait-ue'ants“
1480 3570 1757 3655 nominarunt,
1794 3556 1843 3640 in
1870 3575 2103 3638 Francorum

358 3717 475 3789 reguo
505 3694 614 3762 omni
641 3695 812 3787 corporis
842 3695 889 3766 vi
924 3693 1120 3787 animique
1153 3693 1289 3789 vigore
1324 3691 1443 3786 plane
1471 3689 1634 3762 carentis
1667 3688 1770 3787 regis
1804 3688 1935 3781 locum
1963 3683 2101 3754 melius

358 3836 543 3904 occupare
567 3811 753 3916 potuerit,
790 3822 904 3906 quam¹
930 3811 984 3896 is,
1020 3811 1090 3907 qui
1125 3811 1204 3881 iam
1234 3808 1280 3881 ab
1308 3805 1398 3906 ipsis
1424 3806 1592 3880 civitatis
1621 3805 1710 3879 inde
1744 3800 1965 3902 primordiis
2002 3801 2102 3898 regis
2146 3829 2151 3844 ·
2181 3824 2187 3837 ·

301 4011 306 4022 4
358 3930 521 4002 absentis
547 3930 650 4000 vices
678 3912 926 4023 susceperat?
940 3965 993 3982 -
1039 3929 1112 4001 Sed
1140 3928 1241 3999 hanc
1278 3951 1403 3999 meam
1428 3925 1679 4009 sententiam,
1712 3919 1740 3992 si
1778 3943 1873 4016 quae
1900 3914 1968 4006 est,
2004 3942 2100 4005 non,
2157 3960 2160 3965 ,

246 4126 258 4152 Ι
356 4048 430 4124 nist
468 4051 512 4122 dc
540 4047 763 4143 prioribus
762 4047 980 4120 Maioribus
1008 4049 1171 4135 domus,
1192 4070 1291 4142 quos
1317 4042 1468 4116 fortasse
1493 4067 1546 4114 ne
1573 4041 1735 4114 nomine
1769 4036 1926 4134 quidem
1957 4061 2100 4134 cogno·

358 4169 506 4250 scimus,
528 4167 824 4264 intelligendam
852 4164 934 4252 esse,
963 4188 1263 4256 commemorare
1296 4164 1365 4235 vix
1391 4186 1497 4258 opus,
1516 4155 1575 4231 eft.
1639 4162 1685 4227 In
1724 4155 1877 4229 civitate
1905 4153 2010 4227 enim
2044 4178 2100 4225 re·

359 4311 446 4358 cens
475 4285 627 4353 condita
666 4283 747 4356 sieri
773 4310 857 4358 uon
890 4283 1040 4380 potuit,
1074 4283 1197 4377 quin
1190 4280 1347 4354 sensim
1383 4276 1613 4391 sensimque,
1648 4271 1757 4346 sicuti
1794 4274 1914 4346 totius
1939 4269 2098 4343 adrnini·

358 4399 550 4477 strationis
578 4399 701 4472 forma
720 4421 757 4472 et
774 4405 884 4490 ratio,
914 4404 968 4476 ita
994 4396 1265 4473 ministerialis
1287 4422 1451 4496 quoque,
1487 4416 1603 4490 quem
1631 4390 1857 4468 constituere
1883 4411 2010 4525 rerum
2033 4410 2101 4459 ne

264 4524 266 4529 ’
357 4517 495 4599 cessitas
522 4512 654 4593 iuffiffe'
682 4520 844 4610 videtur,
870 4519 1023 4619 prorsus
1050 4533 1347 4593 commutaretur
1374 4513 1560 4591 conditio.
