4590 5364
1012 372 1090 405 ,ιι-
1191 356 1244 433 4²
1313 304 1400 400 ’.-

285 605 288 612 f
358 543 617 659 ministerialis
643 542 874 618 nominibus
902 545 1338 644 argumenta'quaeda'm
1371 526 1500 646 petere
1538 547 1673 638 liceat,
1711 550 1915 647 praecipue
1950 550 2004 623 et'
2024 573 2106 626 ma·

362 669 466 740 xime
493 667 591 737 hanc
618 666 664 740 de
689 665 840 736 Maiore
867 667 1004 737 domus
1031 663 1258 738 sententiam
1282 667 1384 739 tueri
1408 668 1601 742 videntur.
1654 675 1773 756 Nam,
1812 688 1858 742 ut
1884 686 2026 743 caetera
2051 688 2107 755 ta·
2191 666 2234 684 ”

365 811 528 871 ceamus,
559 784 760 882 subreguli
787 783 943 879 quidem
968 809 1114 857 nomen
1140 786 1256 857 talem
1281 783 1460 859 indicasse
1485 788 1724 882 putaverim,
1764 788 1834 886 qui
1854 789 1936 886 regi
1962 786 2110 862 absenti
2185 814 2188 817 “

364 904 464 1001 quafi
490 899 710 974 substitutus
737 900 865 983 suerit,
893 929 976 976 non
1002 921 1109 976 tanta
1135 921 1265 976 tamen
1290 905 1483 1001 praeditus
1509 903 1710 1003 potestate,
1737 925 1878 1003 quanta
1906 909 1968 979 ad
1979 931 2109 1007 regem
2207 988 2217 994 ,

363 1024 489 1117 ipsum
515 1021 768 1116 pertinuerit3
806 1039 844 1092 et
870 1024 975 1118 quod
1000 1049 1146 1096 nomen
1171 1024 1214 1097 in
1240 1025 1422 1123 Hugonis
1448 1026 1623 1099 Flaviani
1659 1027 1800 1098 Chron.
1828 1024 2040 1114 Virduenfi,
2065 1042 2111 1100 ut

362 1162 409 1213 ex
434 1142 574 1211 Pertzii
599 1141 732 1212 libello
759 1143 931 1236 percepi,
970 1142 1190 1244 invenitur,
1231 1139 1380 1231 „custos
1418 1161 1456 1216 et
1492 1158 1601 1217 tutor
1632 1144 1769 1243 regni“
1797 1144 2110 1242 quantoperein

234 1335 239 1345 κ
361 1284 487 1330 meam
510 1259 610 1330 verti
635 1255 746 1353 possit
772 1258 1011 1348 sententiam,
1039 1286 1229 1358 exponere
1253 1289 1304 1336 ne
1331 1288 1429 1359 opus
1456 1261 1612 1359 quidem
1638 1263 1720 1336 erit.
1774 1263 1887 1362 Quod
1918 1277 2109 1360 praeterea

305 1372 309 1376 ’
362 1379 409 1450 ad
435 1378 561 1472 ipsum
586 1378 748 1449 Maioris
776 1379 913 1451 domus
939 1404 1084 1453 nomen
1111 1382 1303 1478 pertinet,
1336 1381 1411 1455 hoc
1436 1383 1592 1479 quidem
1624 1406 1709 1454 non
1748 1384 1868 1458 nimis
1894 1382 2110 1486 urgendum
2199 1478 2204 1483 ἱ

355 1494 431 1568 *esse
457 1515 577 1590 put03
605 1483 688 1568 sieri
714 1497 819 1568 enim
845 1498 1066 1592 potuit,·ut
1092 1501 1196 1573 casus
1223 1488 1420 1596 quaedam'
1433 1501 1627 1583 temeritas
1651 1503 1715 1574 vel
1747 1525 1809 1573 res
1845 1525 1914 1596 per
1949 1499 1986 1571 se
2020 1497 2109 1571 satis

350 1613 460 1708 ‚levis
488 1630 525 1684 et
550 1614 664 1686 nobis
691 1616 825 1712 ignota
851 1617 951 1714 regis
976 1616 1122 1705 vicario
1147 1618 1253 1691 hunc
1277 1619 1405 1715 ipsum
1438 1621 1600 1693 Maioris
1629 1617 1767 1693 domus
1800 1616 2008 1693 vindicarit
2040 1638 2112 1688 no·

363 1757 464 1804 men.
491 1769 543 1782 -
593 1730 883 1825 Neceffitudinis
909 1733 1065 1814 deinde,
1102 1762 1198 1830 quae
1223 1718 1351 1834 regem
1387 1737 1489 1812 inter
1515 1754 1553 1807 et
1586 1738 1777 1810 Maiorem
1811 1738 1948 1809 domus
1979 1737 2113 1808 locum

360 1850 545 1935 habuerit,
573 1850 723 1919 ratione
747 1848 889 1936 habita,
918 1852 972 1940 (§.
1001 1853 1056 1940 5.)
1086 1851 1173 1924 satis
1199 1855 1442 1949 perspicuum
1468 1850 1539 1941 est,
1578 1856 1772 1926 Maiorem
1809 1855 1988 1940 domus,
2008 1852 2110 1951 regis

143 2043 148 2054 Ι
363 1968 504 2064 quippe
530 1966 728 2053 vicarium,
756 1968 837 2066 regi
848 1967 1151 2063 quodammodo
1173 1970 1372 2044 subditum
1395 1988 1433 2043 et
1458 1997 1508 2043 ex
1533 1973 1613 2044 eius
1648 1968 1746 2043 iussu
1771 1995 1882 2070 agere
1916 1970 2112 2044 interdum
2211 2030 2220 2038 .

359 2087 457 2165 adeo
486 2092 663 2161 coactum
688 2082 810 2172 fuisse,
839 2088 945 2183 quod
969 2088 1016 2159 de
1041 2089 1237 2183 prioribus
1263 2074 1417 2187 quidem
1442 2090 1662 2164 Maioribus
1687 2088 1849 2170 domus,
1885 2091 1931 2160 de
1956 2087 2112 2186 Badegi·

363 2202 444 2290 s110,
472 2204 686 2289 Waddone,
704 2206 980 2293 Florentiano,
1005 2207 1234 2279 Berthoaldo
1262 2226 1299 2279 et
1324 2208 1538 2282 Landerico
1562 2208 1664 2282 sine
1675 2210 1761 2282 ullo
1784 2205 1907 2280 dubio
1941 2231 1989 2277 ex
2022 2201 2111 2301 ipsis
2209 2233 2212 2237 ·
2288 2173 2291 2178 .

364 2320 546 2394 sontibus
569 2321 656 2393 satis
683 2320 859 2417 probari
874 2321 1009 2420 potest,
1058 2331 1161 2397 Nam
1184 2324 1212 2398 si
1236 2323 1404 2400 nostram
1439 2326 1485 2399 de
1523 2328 1668 2400 Maiori
1706 2329 1849 2400 domus
1884 2324 2114 2396 sententiam

364 2436 568 2513 stabilitam
593 2443 794 2529 volumus,
816 2437 1027 2515 'statuamus
1051 2441 1193 2518 necesse
1219 2441 1289 2533 est,
1316 2446 1508 2520 Maiorem
1534 2446 1672 2521 domus
1687 2443 1823 2516 *etiam
1856 2464 1944 2542 rege
1978 2459 2016 2515 et
2049 2465 2113 2514 coe

364 2559 505 2631 mitatu
528 2585 612 2630 non
637 2562 929 2655 peregrinante,
962 2562 1094 2629 locum
1119 2579 1249 2632 tamen
1276 2578 1314 2630 et
1338 2585 1481 2631 munus
1506 2562 1618 2632 simul
1638 2576 1726 2632 oum
1751 2561 1914 2633 nomine
1938 2560 1993 2632 ita
2020 2574 2114 2657 quo·

342 2687 352 2697 ‘⁴
366 2677 571 2758 dammodo
599 2673 801 2760 retinuisse,
828 2692 1014 2772 utquam
1040 2675 1107 2745 diu
1132 2701 1198 2747 rex
1224 2675 1331 2746 domi
1364 2692 1596 2762 moraretur,
1634 2692 1716 2747 tam
1742 2675 1809 2746 diu
1835 2702 1922 2774 rege
1958 2676 2115 2749 iubente

237 2886 245 2897 ·
366 2795 462 2892 aliis,
491 2817 586 2888 quae
605 2809 692 2882 tum
716 2794 763 2865 ad
788 2791 977 2865 familiam
1002 2795 1145 2893 regiam
1170 2792 1453 2882 moderandam,
1480 2811 1566 2865 tum
1592 2793 1640 2865 ad
1665 2816 1829 2892 regnum
1850 2789 2114 2867 administran-
2165 2839 2177 2864 0

367 2912 461 2986 dum
487 2911 750 3006 spectaverint,
777 2913 944 3011 negotiis
970 2912 1183 3008 praefectus
1210 2931 1248 2985 et
1273 2914 1327 2986 ita
1353 2911 1453 3013 regis
1479 2910 1594 3008 ipfius
1622 2909 1724 3009 quasi
1750 2909 1904 2982 adiutor
1930 2927 1968 2981 et
1993 2909 2114 3007 ιιιιιιιίφΙ

367 3031 543 3103 nieulum
577 3027 704 3102 suerit.
785 3037 1023 3135 Quamquam
1057 3034 1103 3104 ab
1119 3033 1246 3105 -initio
1272 3054 1342 3104 rex
1366 3055 1522 3129 perraro·
1545 3046 1723 3115 tantum,
1738 3052 1741 3056 ·
1758 3044 1796 3099 et
1830 3024 1983 3102 fortasse
2015 3051 2113 3112 non,

316 3174 321 3183 ·
366 3145 439 3228 nifi
465 3148 622 3226 hiemali
659 3146 878 3245 tempestate
901 3149 1108 3248 impeditus
1136 3151 1243 3224 domi
1270 3147 1456 3223 recubasse
1480 3143 1642 3222 videtur.
1697 3148 2024 3245 Quamprimum
2049 3171 2113 3220 ve·
2145 3243 2149 3249 .

368 3293 415 3343 ro
438 3294 506 3340 rex
523 3293 611 3341 cum
630 3269 814 3341 comitatu
840 3267 886 3339 ad
912 3270 1010 3342 belsa
1037 3269 1199 3368 gerenda
1226 3264 1395 3355 disoeffit,
1414 3267 1544 3340 Maior
1563 3266 1700 3340 domus
1721 3265 1916 3338 eiusvices
1935 3265 2114 3361 protinus

368 3387 549 3481 suscepit.⁴
615 3391 672 3457 Ita
708 3386 813 3458 enim
852 3387 1012 3476 omnia,
1059 3412 1156 3484 quae
1192 3390 1238 3472 de
1272 3386 1493 3460 Maioribus
1515 3384 1652 3460 domus
1678 3381 1874 3457 interdum
1900 3381 1978 3455 fere
2004 3348 2113 3478 repo«

370 3504 527 3600 guantia
554 3503 656 3574 inter
682 3504 717 3576 se
744 3503 978 3592 invenimus,
1005 3502 1083 3577 sine
1109 3507 1187 3578 ulla
1214 3503 1430 3579 difficultate
1448 3504 1634 3600 explicari
1648 3501 2016 3599 possevidentur.-
2032 3506 2114 3572 Nec

370 3619 561 3693 difficilius
590 3617 640 3695 est
666 3621 872 3717 explicatu,
897 3626 1097 3719 quomodo
1118 3625 1284 3698 Maioris·
1308 3625 1446 3697 domus
1474 3648 1565 3695 cum
1590 3623 1766 3695 leudibus
1791 3619 2020 3694 necessitudo
2041 3619 2111 3710 (ᾗ.

371 3743 407 3813 6.
435 3757 473 3811 et
500 3741 553 3829 7.)
582 3765 681 3812 corn
684 3757 786 3812 emat
811 3740 902 3812 huic
927 3742 1149 3815 sententiae..
1195 3749 1254 3815 Ne
1279 3768 1372 3816 vero
1397 3741 1568 3815 Protadii
1594 3743 1745 3814 caedem
1770 3741 1928 3833 aliaque,
1957 3734 2003 3807 de
2028 3735 2114 3832 qui·

326 3881 330 3886 ’
369 3857 440 3930 bus
467 3858 577 3953 supra
605 3857 817 3954 expofitum
843 3856 915 3941 est,
930 3852 1044 3932 huius
1064 3856 1349 3937 necessitudinis
1376 3862 1439 3933 hic
1465 3879 1677 3971 repetamus
1704 3853 1928 3940 testimonia,
1962 3854 2008 3927 de
2033 3848 2116 3927 Ma·

372 3976 463 4049 ioris
491 3978 636 4050 domus
666 3977 851 4052 electione
884 3995 1061 4066 tantum,
1090 3998 1282 4077 quatenus
1312 3975 1465 4066 nostrae
1493 3966 1702 4065 sententiae
1737 3973 1784 4048 srt
1819 3971 2113 4063 accommodata,
2225 3974 2227 3979 ’

372 4119 490 4191 pauca
525 4095 665 4170 dicam
723 4099 871 4171 Omnes
899 4097 1068 4170 leudes
1056 4098 1175 4197 igitur
1200 4099 1391 4171 Maiorem
1425 4099 1566 4170 domus
1597 4095 1737 4194 eligere
1773 4090 1965 4180 solebant,
2000 4115 2116 4189 quem

372 4211 564 4286 Vicarium
589 4210 688 4317 regis
710 4215 883 4313 absentis
906 4211 1016 4287 fuisse
1042 4234 1159 4312 put03
1188 4241 1282 4290 nam
1307 4240 1356 4290 ex
1379 4239 1464 4288 mea
1488 4214 1675 4292 sententia
1701 4211 1832 4288 Maior
1867 4211 2005 4285 doinus
2030 4232 2115 4281 non

372 4329 504 4404 minus
542 4334 665 4430 gentis
703 4352 741 4407 et
774 4333 945 4408 civitatis.
978 4331 1239 4425 ministerialis
1269 4353 1368 4423 erat,
1404 4329 1581 4431 quamsi
1618 4358 1724 4416 eum¹
1739 4332 1847 4406 Fisco
1880 4326 2117 4426 praesectum

291 4539 294 4545 Ι
374 4442 482 4535 fuisse
507 4468 740 4546 putaremus,
768 4455 909 4550 quippe
937 4478 1025 4533 cum
1051 4453 1423 4552 absente-ipso‹.rege
1447 4478 1533 4526 non
1556 4453 1674 4537 modo
1690 4451 1801 4553 ,regia
1828 4446 2015 4529 familiam
2030 4467 2116 4518 ruo-¹
2196 4551 2200 4557 ¹

375 4560 513 4675 derari,
527 4568 603 4682 sed,
623 4569 741 4669 etiam
763 4568 1006 4672 singulorum
1028 4577 1268 4663 Breucorum
1286 4571 1401 4658 villas
1425 4588 1464 4655 et
1495 4563 1952 4685 possessiones„praefidio
1982 4560 2118 4675 suntet,
2156 4653 2160 4664 q
