4590 5364
700 108 724 287 l

277 492 404 569 Caroli
431 491 572 591 Magni
598 489 702 564 idem
718 487 960 589 Eginhardus
987 489 1171 577 narravit,
1195 488 1442 576 conveniant,
1470 492 1647 588 equidem
1665 518 1749 569 non
1766 497 1895 572 video.
1931 505 2033 574 Du·
2058 529 2070 567 .-

275 613 387 687 bium
413 628 543 684 tamen
573 608 635 697 est,
666 632 715 682 an
739 625 839 681 recte
863 608 1033 683 Annales
1059 607 1121 680 illi
1145 608 1369 706 Eginhardo
1395 609 1623 685 tribuantur.
1675 617 1911 714 Repugnant
1935 644 2027 692 vero

181 779 192 791 --
276 731 392 805 etiam
419 728 640 827 Eginhardo
667 752 722 813 ea,
750 751 846 823 quae
875 751 1009 801 omnes
1036 726 1115 800 fere
1142 728 1256 800 ceteri
1294 727 1494 822 scriptores
1528 727 1711 804 referunt.
1777 733 1889 830 Quod
1924 737 2029 807 enim

275 848 506 921 recentiores
533 843 694 918 narrasse
719 844 830 942 supra
856 844 952 933 dixi,
980 845 1084 919 idem
1108 862 1281 918 veterum
1316 871 1468 943 quoque
1503 845 1732 942 seriptomm
1767 834 1926 947 plurimi
1962 854 2028 926 alii

274 965 441 1051 brevius,
458 956 491 1055 ⁸)
519 965 708 1060 prolixius
719 957 754 1053 ⁰)
783 966 848 1036 alii
873 962 1063 1043 referunt,
1098 965 1321 1037 Zachariam
1346 964 1533 1036 nimirum
1572 964 1782 1052 mandasse,
1819 987 1863 1041 ut
1898 972 2027 1066 Pippi·
2064 984 2071 996 “

274 1109 350 1172 nus
378 1109 446 1155 rex
472 1088 705 1155 Francorum
731 1083 774 1154 in
801 1083 1004 1157 Childerici
1032 1101 1070 1155 et
1085 1082 1413 1181 Merovingorum
1438 1083 1571 1157 locum
1597 1082 1891 1174 substitueretur,
1919 1114 2027 1160 man·

275 1201 483 1297 datumque
510 1207 561 1274 St
591 1198 836 1272 Bonifacium
871 1200 925 1273 ita
960 1198 1246 1300 quodammpdo
1283 1200 1534 1297 exsequutum
1569 1182 1701 1289 sbille,
1736 1221 1782 1275 ut
1818 1205 2028 1301 Pippinum

273 1322 372 1409 sacra
399 1320 629 1393 inunctione
665 1317 877 1393 sanciverit.
939 1318 1172 1392 Prolixiores
1192 1343 1302 1391 ·vero
1335 1344 1419 1393 non
1452 1316 1570 1393 modo
1608 1321 1700 1411 haec
1737 1321 1927 1409 raserunt,
1968 1325 2027 1395 sed

274 1440 570 1522 etiam'eorum,
599 1435 668 1534 qui
692 1438 808 1536 legati
834 1462 854 1510 a
881 1437 1050 1534 Pippin'o
1079 1439 1126 1511 ad
1152 1438 1374 1511 Zachariam
1408 1435 1504 1510 milli
1544 1436 1714 1526 fuerint,
1750 1441 1832 1537 ipsa
1865 1441 2027 1514 nomina

274 1574 444 1631 accurate
470 1554 585 1627 nobis
613 1554 821 1630 servarunt.
871 1563 972 1628 Nam
991 1554 1101 1628 fuisse
1125 1556 1307 1630 dicuntur
1334 1556 1377 1628 hi
1403 1545 1521 1658 legati
1548 1557 1788 1655 Burgardus,
1816 1560 2062 1656 Episcopus',

272 1671 627 1772 wirtzeburgensis,
655 1668 694 1744 e't
720 1675 903 1748 Fulradus
932 1675 1168 1770 Capellanus.
1223 1673 1337 1772 Quod
1362 1697 1595 1769 quamquam
1629 1677 1789 1767 plurimi
1816 1703 1864 1749 ex
1896 1679 2026 1749 Anna·

189 1865 197 1883 ,
271 1790 365 1868 listis
392 1794 469 1864 illis
496 1793 549 1864 ita
576 1809 848 1876 narraverunt,
875 1810 1074 1886 propterea
1102 1810 1231 1863 tamen
1264 1815 1405 1890 magna
1440 1790 1569 1862 oarrtio
1598 1781 1813 1864 adhibenda
1847 1795 1941 1878 erit,
1976 1821 2026 1866 ne

272 1908 575 1984 tistimoniorum
601 1908 734 2003 copiae
759 1907 927 1980 nimium
954 1909 1189 1995 tribuamus,
1218 1910 1322 2005 quod
1349 1909 1403 1989 ita
1429 1904 1507 1979 fere
1548 1908 1781 1983 adverbum
1806 1912 1900 1983 alter
1927 1911 2019 1981 alte·

273 2050 360 2103 rum
387 2028 534 2101 secuma
560 2023 671 2098 fuisse
695 2024 861 2113 videtur,
888 2043 933 2098 ut
960 2026 1139 2098 omnium
1164 2050 1249 2100 non
1276 2027 1377 2123 plus,
1405 2049 1521 2122 quam
1537 2026 1668 2112 unius,
1688 2026 1755 2121 qui
1776 2026 1924 2123 primus
1945 2052 2027 2099 rem

258 2146 454 2239 narravit,
483 2144 687 2218 auctoritas
712 2144 848 2216 valeat.
902 2145 1054 2217 Primus
1080 2169 1184 2231 vero,
1212 2145 1433 2242 quicunque
1460 2140 1590 2231 suerit,
1616 2169 1700 2216 non
1717 2127 2025 2243 Pippiniipfius,

271 2269 333 2342 sed
361 2264 487 2362 Caroli
513 2263 651 2361 Magni
684 2263 749 2336 vel
782 2260 974 2335 Ludovici
999 2263 1059 2335 Pii
1086 2281 1205 2335 aetate
1232 2259 1365 2337 vixisse
1393 2259 1559 2335 videtur.
1624 2267 1756 2359 Itaque
1792 2265 2025 2341 recentiores

272 2387 370 2459 hanc
407 2382 671 2454 narrationem
697 2378 825 2451 fictam
861 2381 1004 2476 quippe
1042 2397 1156 2472 atque
1183 2379 1432 2473 suppositam,
1460 2379 1522 2451 his
1549 2378 1627 2451 seri
1664 2384 1898 2477 argumentis
1925 2379 2025 2452 resn-

272 2505 427 2577 tandam
453 2504 644 2593 putarent.
697 2496 751 2566 Ac
776 2494 948 2590 primum
975 2493 1130 2591 quidem
1156 2493 1302 2579 dicunt,
1330 2497 1418 2578 tale,
1448 2496 1559 2589 quale
1587 2497 1786 2566 Zacharias
1808 2495 1929 2570 tulisse
1951 2499 2024 2570 ser·

272 2639 335 2693 tur
361 2616 561 2695 iudicium,
589 2614 635 2685 ab
662 2615 883 2711 „aequitate
909 2627 947 2686 et
963 2607 1266 2714 sonctimouic,“
1293 2627 1338 2683 ut
1365 2612 1419 2683 ait
1446 2612 1596 2712 Natalis
1623 2614 1856 2700 Alexander,
1887 2617 2024 2693 Roma·

273 2739 318 2811 ni
346 2731 549 2813 Pontificis
575 2732 978 2828 prorsusabhorrere,
1016 2729 1159 2825 quippe
1189 2754 1276 2802 cum
1309 2724 1495 2803 iniustum
1530 2746 1568 2802 et
1598 2727 1774 2826 pristinae
1801 2729 2025 2828 disciplinae

272 2860 386 2956 plane
412 2873 629 2950 repugnans
646 2845 696 2940 ιο)
715 2847 861 2943 suisset,
891 2845 1150 2922 childericum
1175 2848 1243 2919 vix
1268 2847 1414 2945 viginti
1439 2872 1569 2921 annos
1594 2868 1742 2938 natum,
1769 2850 1965 2923 insontem
1988 2869 2025 2923 et

271 2978 379 3050 nulla
406 2970 579 3067 unquam
606 2969 736 3063 culpa,
774 2991 871 3064 quae
896 2971 1163 3039 Romanorum
1196 2964 1377 3039 Pontifici
1414 2966 1605 3062 puniendi
1640 2964 1861 3065 potestatem
1895 2967 2023 3053 faciat,

162 3145 167 3157 ·
271 3087 723 3186 laborantem,'legitimo
749 3085 988 3182 patrimonio
1014 3081 1237 3179 privaread
1262 3080 1434 3180 aliosque
1458 3086 1780 3184 Merovingorum
1802 3083 2024 3183 potestatem

274 3230 388 3306 atque
414 3206 642 3305 dignitatem
668 3202 824 3279 deferre.
875 3204 991 3277 Licet·
1012 3221 1141 3274 autem
1168 3201 1344 3299 equidem
1378 3226 1461 3274 non
1495 3204 1739 3300 negaverim,
1778 3203 1884 3300 quod
1923 3207 2023 3277 Ana·

273 3326 396 3403 stulius
425 3325 536 3410 dixit,
564 3323 785 3397 Zachariam
816 3323 981 3408 „Virum
1009 3317 1273 3401 mitissimum,
1311 3321 1464 3392 suavem
1501 3322 1685 3416 omnique
1714 3321 1886 3396 bonitate
1914 3347 2025 3397 orna·

262 3445 383 3522 ¹tum“
411 3440 531 3528 fuisse,
558 3443 728 3517 nimium
753 3459 881 3513 tamen
921 3436 1147 3535 apostolieae
1174 3439 1235 3511 illi
1261 3438 1454 3511 sanctitati
1480 3437 1511 3511 ii
1537 3435 1707 3511 tribuisse
1732 3441 1927 3529 videntur,
1956 3443 2024 3539 qui

272 3563 496 3642 Zachariam
523 3560 593 3632 hac
618 3561 698 3656 ipsa
722 3558 921 3635 sanctitate
945 3558 1187 3654 prohibitum
1218 3554 1327 3629 inille
1354 3556 1507 3654 opinati
1535 3552 1643 3639 sunt,
1673 3559 1884 3654 quominus
1922 3560 2024 3634 Chil-

271 3687 443 3760 dericum
469 3702 591 3778 regno
624 3696 783 3774 paterno
807 3678 958 3773 privare
992 3673 1183 3774 potuisset
1244 3677 1379 3748 Tantis
1414 3675 1520 3747 enim
1558 3692 1652 3747 tunc
1691 3701 1820 3749 rerum
1840 3674 2022 3778 angustiis

271 3803 472 3876 Zacharias
499 3796 707 3882 laborabat,
735 3813 778 3867 ut
803 3821 886 3868 non
912 3795 989 3867 sola
1008 3794 1123 3890 ipfius
1142 3793 1345 3889 probitate,
1376 3818 1458 3867 non
1489 3789 1696 3889 apostolica
1719 3796 1799 3892 ipsa
1828 3797 2024 3868 sanctitate

273 3921 365 3997 satis
393 3921 430 3994 ie
469 3919 652 4012 suamquc
687 3912 812 3990 sedem
842 3911 1029 3985 hmratatn
1057 3927 1227 4008 putaret,
1259 3911 1322 3984 sed
1353 3911 1516 3986 firmiori
1549 3913 1637 3986 sane
1672 3931 1784 4011 atque
1811 3913 1964 3986 certiori
1988 3912 2023 3985 ei

271 4063 373 4136 opus
400 4033 486 4110 asset
511 4034 707 4133 praefidio.
760 4026 1026 4109 Firmiffimum
1060 4055 1153 4104 vero
1182 4048 1221 4105 et
1247 4027 1401 4103 sortasse
1435 4030 1598 4104 unicum
1630 4048 1762 4105 contra
1798 4031 2022 4130 Longobar·

270 4158 414 4233 dorum
444 4166 559 4228 arma'¹
571 4151 800 4255 praesidium
834 4167 931 4224 tunc
963 4155 1199 4224 Francorum
1234 4166 1397 4223 recreata
1429 4148 1533 4246 quafi
1566 4147 1691 4224 virtus
1725 4167 1816 4221 erat.
1879 4155 1961 4248 Qua
1995 4146 2024 4223 fi
2117 4168 2120 4173 '

270 4278 331 4352 uti
357 4272 484 4358 vellet,
513 4262 672 4368 Pippini
701 4270 868 4345 amicitia
898 4269 935 4345 ei
959 4293 1060 4366 opus
1088 4282 1177 4353 erat,
1205 4291 1321 4363 quam
1347 4268 1455 4342 nulla
1481 4293 1522 4339 re
1543 4264 1696 4339 facilius
1716 4283 1756 4338 et
1784 4268 1923 4341 certius
1952 4264 2022 4340 fibi

272 4413 492 4489 comparare
509 4405 671 4486 poterat,
691 4411 807 4485 quam
822 4388 893 4460 illo
910 4387 1102 4483 responso.
1114 4423 1168 4442 -·
1192 4385 1343 4456 Deinde
1368 4385 1421 4456 ita
1438 4383 1667 4459 recentiores
1685 4386 1802 4461 huius
1818 4385 2022 4486 legationis

268 4514 473 4591 nuruum
498 4500 683 4585 deumne
707 4504 838 4582 conati
862 4503 966 4594 sunt
991 4520 1038 4579 ut
1061 4502 1204 4594 dicant
1229 4500 1551 4613 ineptemplane
1570 4519 1686 4602 etque
1705 4503 2025 4610 ,commentitiam

968 305 1330 387 -„..
