4590 5364
996 339 1059 370 ιιι.
1151 324 1201 408 v
1302 337 1366 367 ιιι.

213 608 230 633 ³
301 524 355 597 ἆυ·
380 519 473 597 Bois
498 517 611 592 illm
636 513 851 616 Fredegarii
865 514 1010 593 ‚locam
1030 511 1312 612 interpelurtlo
1340 513 1589 612 depravatum
1607 513 1719 592 suilla
1739 536 1946 616 putarunt,¹
1963 538 2061 623 quo'·'
2099 502 2105 510 ⁸

218 640 240 718 .“
301 665 388 715 rum
423 639 529 735 prior
554 636 708 732 quidem
748 654 837 707 enm
862 634 915 706 ita
941 630 1216 707 restituendum
1241 625 1452 726 emset¹⁸)r
1499 635 1686 732 „Quiait
1711 655 1809 714 terra
1845 647 2052 740 aproeliis
2144 683 2150 699 ·
2180 727 2184 738 ⁸

302 758 415 833 annis
441 756 603 829 duobus.
659 757 746 850 Quo
784 771 958 848 tempore
991 751 1203 850 praecelsus
1228 752 1417 850 Pippinus
1445 752 1633 826 electione
1659 757 1778 830 totius
1806 762 1985 834 Franciae
2012 766 2054 836 in

265 939 274 954 .
304 879 431 953 sedem
455 873 582 971 Regni
608 890 686 944 una
712 895 802 945 oum
828 872 974 970 Regina
999 847 1245 957 Bertradane,
1269 888 1328 945 'ut
1353 871 1566 967 antiquitus
1592 874 1690 946 ordo
1717 876 1908 972 deposcit,
1937 881 2052 952 subli-

304 1012 433 1068 matur
458 993 500 1065 in
527 994 712 1088 Regno,“
739 988 870 1062 deletis
899 989 1055 1089 quidem
1074 990 1248 1084 primum
1273 988 1421 1063 verbis:
1461 1015 1566 1074 ,urna
1603 1016 1690 1062 cum
1715 987 1875 1092 confilio
1903 979 1947 1068 est¹
1963 1024 2053 1072 con·

201 1196 224 1210 ss
300 1107 416 1217 seusu
442 1111 613 1184 omnium
639 1112 879 1179 Francorum
903 1099 1012 1209 miffa
1041 1108 1227 1181 relatione
1253 1133 1279 1178 o
1299 1101 1394 1208 sede
1410 1098 1647 1205 «Apostolica
1667 1117 1904 1186 auctoritate
1929 1142 2057 1210 perce·

303 1235 421 1329 pta“,
448 1245 487 1302 et
509 1226 671 1303 deinde:
706 1251 819 1311 „cum
852 1221 1132 1328 consecratione
1160 1220 1444 1328 Episcoporum
1469 1239 1506 1296 et
1526 1219 1765 1327 subiectione
1794 1235 2053 1328 Principurtt.“

254 1360 257 1366 '
306 1355 547 1448 Quamquam
575 1360 825 1445 argumenta,
861 1368 929 1416 cur
954 1344 1009 1417 ita
1046 1339 1321 1418 restituendum
1358 1345 1552 1440 putaverit
1594 1347 1725 1418 locum
1753 1350 1934 1437 Cointus,
1973 1380 2055 1428 non

303 1468 419 1542 modo
447 1465 536 1540 satis
563 1463 711 1562 gravia,
749 1460 888 1535 sedne
913 1480 1012 1535 recta
1040 1465 1197 1558 quidem
1223 1462 1324 1536 mihi
1350 1459 1420 1536 elle
1444 1461 1636 1538 videntur.
1692 1465 1800 1537 Dicit
1826 1471 1951 1556 enim,
1979 1473 2061 1572 pri·-

304 1611 413 1662 mum
452 1600 653 1679 propterea
688 1581 756 1652 illa
782 1581 897 1654 verba
923 1579 1083 1655 delenda
1108 1579 1198 1669 elle,
1243 1581 1336 1678 quia
1373 1581 1567 1677 sequentia
1596 1585 1760 1655 eundem
1786 1585 1873 1689 ‘sere
1907 1588 2059 1663 sensum

304 1693 606 1800 praebeant3¹⁹)
634 1698 771 1770 deinde
788 1699 926 1770 verba:
952 1713 1018 1786 „et
1035 1694 1270 1801 subiectione
1290 1701 1544 1794 prirrcipum“,
1572 1697 1670 1771 hane
1687 1701 1737 1772 ob
1765 1705 1923 1789 catulam,
1953 1710 2075 1803 quod.

154 1865 158 1876 ·
303 1846 383 1896 vox
407 1808 603 1912 Principis
631 1817 676 1888 ab
703 1817 774 1889 illo
801 1833 954 1890 auctore
980 1841 1085 1903 non,
1123 1815 1199 1889 nili
1237 1817 1285 1888 de
1311 1815 1528 1887 Maioribus
1556 1815 1695 1888 domus
1722 1817 1840 1890 fuerit
1866 1822 2057 1916 usurpata.

302 1941 497 2024 Attamen,
533 1934 759 2021 heodicio,
796 1957 846 2006 an
878 1950 979 2007 recte
1012 1933 1267 2022 observarim,
1307 1933 1428 2006 medii
1463 1932 1547 2005 aevi
1582 1933 1782 2029 scriptores
1810 1937 1954 2033 saepius
1979 1938 2058 2014 line

304 2059 386 2133 ullo
413 2056 542 2132 sensus
566 2053 809 2126 incremento
835 2068 874 2124 et
898 2074 1020 2148 paene
1045 2053 1176 2147 inepte
1200 2052 1408 2127 verborum
1434 2050 1611 2150 ambages
1640 2052 1865 2140 cumulalle3
1893 2058 1941 2128 ad
1967 2061 2057 2131 alte·

303 2203 391 2251 rum
415 2199 507 2250 vero
534 2170 638 2271 quod
663 2170 850 2268 pertinet,
877 2165 943 2241 etli
966 2171 1034 2243 ille
1061 2169 1344 2243 chronieorum
1369 2167 1584 2267 Fredegarii
1610 2170 1872 2243 continuator
1897 2176 2058 2249 'verbum
2131 2185 2137 2195 ”

194 2320 198 2327 ·
303 2295 492 2392 Principis
527 2318 623 2378 non,
659 2286 732 2364 nifi
768 2288 815 2360 de
840 2287 992 2360 Maiore
1025 2288 1166 2362 domus
1189 2288 1370 2385 usurpet,
1406 2285 1509 2360 nihil
1543 2304 1673 2360 tamen
1700 2290 1846 2362 mediae
1873 2293 2058 2366 latinitati
2136 2306 2138 2311 '
2255 2283 2258 2287 ⁸

167 2422 174 2429 ’
304 2413 504 2515 solennius
530 2407 591 2496 est,
620 2432 734 2503 quam
761 2405 932 2476 civitatis
959 2403 1166 2496 optimates
1192 2405 1390 2498 Principes
1416 2428 1563 2478 vocare.
1616 2407 1740 2501 Atque
1766 2432 1877 2494 eum,
1905 2415 1974 2507 qni
1999 2415 2060 2483 in·

305 2525 553 2627 terpolaverit
577 2523 684 2593 1111110
708 2519 859 2602 locum,
888 2519 1039 2605 omnia,
1067 2521 1207 2615 quibus
1233 2537 1411 2616 appareat
1435 2521 1746 2616 interpolationis
1772 2523 1900 2611 fraus,
1928 2528 2057 2600 sedulo
2202 2523 2208 2547 ⁸

306 2643 436 2720 vitella
471 2623 699 2740 putaverim.
762 2640 862 2708 Tota
888 2635 936 2708 de
969 2635 1084 2708 huius
1108 2638 1188 2710 loei
1212 2636 1434 2738 integritate
1460 2636 1693 2735 disquifitio,
1721 2666 1769 2716 ex
1793 2667 1877 2714 mea
1904 2644 2058 2740 quidem
2147 2728 2154 2734 ‚

307 2763 504 2848 sententia,
532 2760 579 2834 ad
605 2755 786 2832 oodioum
810 2757 905 2826 Mes.
933 2754 1199 2830 auctoritatem
1224 2755 1438 2831 revocanda
1464 2753 1535 2829 esse
1550 2755 1702 2830 videtur
1713 2751 1778 2850 ⁹⁰),
1807 2785 1922 2857 quam
1938 2788 2060 2859 quum
2187 2756 2190 2761 ’

307 2900 464 2981 propter
500 2877 641 2964 crititi,
692 2900 809 2975 quem
842 2891 1008 2960 vocant,
1046 2891 1249 2970 apparatus
1286 2874 1482 2972 inopiam,
1521 2874 1698 2972 equidem
1735 2877 1889 2965 nescio,
1927 2901 2058 2954 eontra
2135 2878 2139 2883 ’
2258 2936 2265 2955 .

306 3005 411 3076 hunc
435 3001 569 3072 locum
593 2997 662 3070 vix
686 2995 775 3091 plue
802 3009 841 3064 et
867 2993 1021 3090 gravius
1048 2994 1143 3089 quid
1166 3017 1323 3067 monere
1350 2991 1478 3080 aulim,
1505 3018 1622 3090 quarn
1648 2997 1753 3092 quod
1780 3001 1947 3072 omnino
1964 3025 2057 3074 oon·

307 3141 366 3194 tra
392 3120 500 3192 illam
525 3118 573 3190 de
596 3111 758 3211 Pippini
784 3111 970 3185 electione
994 3112 1257 3199 narrationem
1281 3113 1435 3186 moneri
1470 3110 1610 3208 potest,
1647 3117 1711 3187 vel
1735 3140 1827 3188 vero
1854 3119 1969 3190 etiam
1997 3120 2058 3190 de·

307 3239 384 3312 bet
436 3237 573 3311 Potius
596 3233 640 3305 in
665 3232 715 3304 iis
741 3228 954 3320 Annalium
986 3231 1096 3304 libris
1121 3230 1439 3328 interpolationis
1466 3228 1659 3326 quoddam
1685 3229 1885 3332 vestigium
1919 3232 2058 3311 exstare

263 3368 278 3391 ·
309 3357 507 3440 videatur,
546 3353 613 3450 qui
646 3344 845 3447 postquam
871 3347 918 3421 ad
944 3370 1006 3420 an.
1035 3366 1110 3444 749
1137 3349 1371 3449 legationem
1394 3347 1444 3424 ad
1468 3350 1690 3422 Zadrariam
1717 3353 1871 3448 eiusque
1898 3351 1944 3425 ad
1970 3379 2057 3450 pro·

309 3472 472 3572 politam
496 3466 755 3568 quaestionem
779 3464 1004 3564 responsum
1030 3485 1401 3556 commemoranmt,
1439 3469 1493 3540 ita
1521 3468 1569 3540 ad
1594 3491 1741 3543 annum
1769 3493 1843 3560 750
1868 3492 2057 3572 pergunt:

309 3594 525 3691 „Pippinus
551 3572 759 3664 seeundum
783 3609 933 3659 morem
958 3590 1192 3658 Francorum
1228 3587 1371 3659 electus
1409 3587 1458 3659 ad
1483 3610 1612 3685 regern
1638 3585 1695 3682 [et
1720 3608 1859 3663 unctus
1886 3615 1953 3688 per
1979 3616 2057 3664 ma·
2171 3648 2174 3654 r

310 3736 384 3786 uus
420 3713 567 3786 senone
603 3705 809 3778 memoriae
842 3700 1036 3795 Bonifaeii
1061 3700 1258 3801 Episcopi]
1296 3721 1336 3776 et
1361 3706 1530 3779 elevante
1556 3729 1578 3778 a
1603 3707 1826 3782 Francis-in
1852 3711 1988 3809 Regno
2015 3710 2058 3781 in

310 3824 511 3903 Sneffionis
549 3825 742 3900 civitate⁴⁴
756 3814 808 3911 ²¹)
871 3823 1098 3918 Repugnare
1133 3822 1239 3911 enim
1264 3819 1446 3896 videntur
1480 3824 1583 3897 inter
1609 3825 1667 3913 se,
1696 3850 1792 3925 quae
1819 3826 1954 3899 adan.
1983 3844 2056 3921 749

309 3947 425 4020 etad
450 3972 510 4020 an.
537 3967 615 4038 750
640 3959 856 4016 narrantur.
907 3937 1007 4013 Satis
1031 3953 1136 4012 recte
1161 3938 1301 4037 igitur,
1339 3957 1458 4036 puto,
1484 3941 1536 4028 ii,
1564 3941 1633 4039 qui
1656 3967 1731 4016 nec
1755 3945 1871 4041 plane
1895 3945 2060 4041 proban·

309 4063 413 4151 dam,
439 4088 510 4136 uec
535 4083 676 4138 temere
701 4057 946 4135 reiieiendam
964 4071 1153 4154 putanmt
1168 4057 1268 4131 hane
1286 4055 1333 4130 de
1358 4057 1519 4154 Pippini
1544 4057 1644 4134 iuliu
1668 4061 1866 4140 Pontifieis
1894 4062 2060 4134 Romani

312 4182 503 4258 electione
536 4179 818 4268 narrationem,
852 4173 1020 4252 mediam
1053 4174 1257 4272 quandam
1282 4175 1389 4249 viam
1414 4192 1641 4267 tenuenmt,
1679 4178 1903 4275 opinantes,
1928 4178 2060 4276 Pippi·

310 4324 411 4375 num
444 4325 526 4374 non
560 4319 640 4374 tam
673 4295 784 4385 iulia,
819 4320 935 4394 quam
967 4291 1128 4368 conlilio
1163 4310 1319 4366 tantum
1351 4293 1565 4382 Zachariae,
1602 4320 1685 4370 non
1720 4315 1800 4370 tam
1835 4297 2058 4396 imperante.

314 4444 430 4518 quem
456 4419 691 4516 approbante
716 4433 869 4489 tantum
893 4415 1159 4486 Romanorum
1184 4409 1399 4506 Episcopo,
1426 4412 1571 4508 Regem
1596 4417 1827 4489 Francorum
1852 4413 1963 4490 tuine
1988 4418 2061 4488 ele·

312 4555 458 4641 dume
477 4538 638 4628 [eriam
662 4553 795 4625 11111911
817 4530 882 4632 id,
911 4529 1021 4630 1111011
1043 4523 1251 4629 nummii
1274 4525 1513 4626 approbante
1536 4529 1719 4609 Ζιάιιιὶι
1753 4531 1900 4609 faunam
1931 4531 2063 4618 faerit,
2187 4554 2192 4561 ·

1617 4671 1656 4741 N
