4590 5364
913 270 1397 395 ...36-

273 605 274 608 η
339 513 560 626 leudibus
547 537 592 586 ιιι
617 451 898 586 monasterium
913 511 1101 609 relegatus
1128 503 1249 602 est³;)
1285 527 1323 584 et
1349 512 1455 610 quod
1481 507 1636 585 assecuti
1658 511 1751 589 sunt
1773 509 1955 610 Pippini,
2004 502 2096 613 qua·

129 686 132 693 ·
272 672 275 678 ·
339 661 452 711 nam
460 654 538 708 arte
563 633 686 768 magis
714 627 940 716 effecerunt,
978 655 1096 726 quam
1116 627 1261 702 affiduo
1288 648 1327 704 et
1351 632 1500 705 summa
1526 657 1615 705 cum
1639 629 1845 737 prudentia
1883 631 2096 707 coniuncto
2168 667 2171 671 ¹

306 768 325 843 ἥ
340 752 499 828 leudum
525 750 676 826 animos
702 747 772 840 fibi
798 748 1085 856 reconciliandi
1099 737 1380 840 sandow).-

261 930 265 939 ,
446 852 689 968 Quantum
668 889 759 943 vero
787 843 889 962 apud
916 883 1060 938 exteras
1087 891 1242 963 quoque
1263 887 1395 967 gentes
1415 869 1721 943 valueritMaior
1737 863 1890 956 domus,
1907 816 2000 941 inde
2018 865 2098 941 col·

339 990 459 1095 ligere
485 970 709 1083 pollumus,
748 984 852 1082 quod
877 984 1148 1082 Langobardi,
1194 986 1274 1082 qui,
1300 1012 1348 1058 ex
1373 1012 1451 1084 quo
1480 981 1741 1060 Guntramnus
1768 1003 1807 1060 et
1833 986 2098 1059 childebertus
2225 1051 2231 1061 .

250 1104 255 1123 ⁸
340 1131 508 1208 regnum
541 1102 776 1180 Francoruui
811 1120 1033 1191 tenuerant,
1081 1099 1225 1178 aerario
1262 1105 1439 1180 duodena
1477 1105 1687 1203 quotannis
1724 1105 1848 1178 millia
1882 1103 2098 1177 solidorum

343 1225 484 1314 tributi
509 1224 616 1297 caula
649 1222 863 1321 persolvere
899 1222 1022 1295 coacti
1042 1239 1184 1310 .,erant
1228 1218 1333 1295 hunc
1370 1225 1562 1296 tributum
1600 1223 1821 1297 chlothario
1840 1227 1881 1294 11
1911 1237 2098 1320 regnante

231 1363 235 1366 “
324 1341 429 1422 ·fibi
440 1342 588 1455 remitti
610 1356 797 1439 petentes,
822 1356 868 1412 ut
893 1336 995 1436 quali
1021 1340 1174 1434 pondus
1201 1343 1397 1438 quoddam
1422 1359 1536 1439 atque
1561 1359 1806 1416 momentum
1831 1334 2007 1441 afferatur
2032 1360 2099 1435 pe-

246 1448 255 1462 ’
303 1461 505 1551 “ιιιιοιιι,
542 1452 628 1534 non
653 1449 772 1532 modo
798 1457 880 1556 regi
905 1457 1066 1555 triginta
1093 1457 1264 1556 quinque
1289 1461 1411 1533 millia
1438 1459 1672 1548 solidorum,
1708 1459 1773 1551 sed
1798 1458 1926 1532 etiam
1937 1462 2099 1531 warna·

225 1561 231 1585 ¹
345 1581 501 1668 charin,
514 1597 609 1652 tunc
634 1577 779 1653 Maiori
805 1574 956 1663 domus,
976 1574 1239 1649 Gundelando
1256 1595 1295 1650 et
1321 1578 1450 1652 Chuoo
1476 1579 1659 1659 millenos
1686 1578 1823 1675 cuique
1847 1575 1993 1651 solidos
2018 1573 2098 1672 pri·

342 1697 467 1777 vatim
493 1713 534 1769 et
558 1675 705 1788 occulte
731 1720 799 1791 per
824 1696 971 1790 legatos
999 1691 1278 1766 submittebant
1291 1690 1326 1786 ⁷)
1338 1748 1350 1784 ,
1394 1696 1500 1792 quod
1535 1695 1638 1775 haud
1674 1694 1790 1768 dubie
1812 1719 1899 1769 non
1924 1693 2097 1794 feceriut,

342 1814 416 1893 nili
441 1831 587 1914 quanta
612 1809 778 1888 Maioris
805 1807 944 1882 domus
971 1807 1061 1881 effer
1086 1809 1190 1907 apud
1215 1817 1382 1890 Francos
1409 1811 1782 1908 auctoritas,'probe
1806 1804 1968 1888 stillent.
1990 1846 2046 1870 ·-

1170 2021 1273 2113 ιι·
1363 1988 1367 1995 ”

449 2167 591 2270 Quodsi
615 2171 709 2243 haec
734 2168 886 2258 omnia,
924 2165 952 2243 li
977 2171 1160 2257 nomina,
1187 2170 1216 2244 fi
1241 2172 1491 2261 electionem,
1517 2169 1739 2278 lidenique
1763 2168 1929 2244 Maioris
1958 2164 2100 2242 domus

173 2278 184 2299 Χ
316 2375 319 2379 ,
348 2314 436 2364 cum
463 2314 551 2388 rege
577 2305 616 2360 et
641 2312 728 2389 erga
753 2287 882 2366 leudes
907 2284 1228 2376 neceffitudinern,
1254 2290 1396 2362 iterum
1422 2291 1637 2390 iterumque
1658 2288 1934 2386 perpendimus
1949 2305 1988 2359 et
2007 2309 2099 2372 eum

346 2407 518 2480 Ludenii
552 2408 598 2478 de
623 2407 699 2480 hoc
732 2404 969 2493 ministeriali
994 2406 1184 2483 sententia
1221 2411 1552 2505 comparavimus,
1591 2407 1703 2482 facile
1728 2407 1973 2493 invenimus,
1997 2404 2098 2476 hane

347 2525 575 2600 sententiam
599 2550 690 2622 prae
717 2528 853 2598 ceteris
878 2525 1001 2596 adhuc
1018 2526 1223 2618 propolitis
1249 2527 1416 2596 maxime
1442 2526 1515 2596 elle
1536 2527 1787 2619 probandam.
1836 2530 1939 2599 Nam
1963 2523 2008 2597 in
2033 2520 2098 2609 iis,
2211 2512 2216 2524 ⁴

347 2667 445 2742 qnae
468 2643 654 2715 haetenus
681 2641 988 2725 enucleavimus,
1015 2639 1118 2711 nihil
1143 2638 1224 2711 fere
1249 2635 1321 2726 eft,
1349 2639 1454 2735 quod
1479 2641 1570 2714 huie
1596 2640 1806 2714 sententiae
1832 2658 1962 2736 aperte
1986 2663 2100 2736 repu-

182 2783 191 2800 “
273 2786 279 2792 ’
332 2765 465 2878 ‘gnare
489 2762 677 2835 videatur.
729 2757 956 2831 Invenimus
981 2780 1072 2830 vero
1100 2757 1234 2845 etiam,
1255 2759 1355 2831 hanc
1381 2757 1609 2831 sententiam
1633 2776 1722 2831 tum
1752 2757 1887 2831 aetatis
1921 2755 2100 2856 ingenio,

289 2923 294 2929 ε
347 2898 433 2954 tum
461 2879 586 2977 gentis
614 2875 850 2976 germanicae
875 2873 1023 2966 indoli,
1051 2893 1137 2948 tum
1163 2873 1330 2975 denique
1355 2877 1509 2950 Francis
1535 2877 1713 2972 propriae
1739 2875 1908 2950 civitatis
1934 2872 2099 2984 admitu-

349 2994 516 3072 llrandae
543 3014 657 3092 atque
684 2991 944 3066 defendendae
969 2994 1114 3067 rationi
1139 3013 1227 3091 apte
1254 2995 1473 3069 conuenire.
1524 3001 1626 3066 Nam
1649 2992 1680 3067 li
1704 2995 1878 3130 primun
1895 2978 2100 3092 ingenium
2217 3066 2223 3076 ,

351 3117 483 3189 aetatis
510 3113 755 3209 respicimus,
781 3135 915 3184 nonne
940 3111 1039 3184 illud
1063 3112 1218 3184 huius
1206 3112 1398 3208 imprimis
1426 3112 1557 3184 aetatis
1584 3112 1741 3209 proprie
1765 3113 1807 3185 le
1830 3129 1949 3209 atque
1979 3110 2099 3183 libere

351 3232 553 3306 excolendi
577 3228 743 3303 studium
762 3229 992 3302 huiusmodi
1019 3229 1099 3302 fisci
1124 3230 1282 3336 eiusque
1307 3226 1489 3325 praefecti
1513 3248 1651 3303 natura
1676 3229 1765 3305 satis
1791 3229 1947 3327 probari
1971 3224 2100 3301 videe

71 3357 77 3366 '
197 3412 205 3423 ,
243 3430 247 3435 ,
350 3348 443 3423 turi
498 3346 612 3444 Quod
630 3371 746 3443 porro
773 3344 820 3417 ad
846 3346 973 3445 gentis
999 3344 1172 3420 indolem
1196 3349 1376 3445 pertinet,
1402 3349 1509 3446 quod
1532 3346 1690 3423 tandem
1713 3347 1953 3423 luculentius
1978 3346 2099 3447 iilius,

203 3479 225 3515 ³
348 3465 461 3542 ilenti
487 3463 671 3538 omnibus
695 3464 834 3539 veteris
862 3465 1083 3539 Germaniae
1117 3465 1317 3565 gentibus,
1354 3464 1409 3536 ita
1434 3467 1589 3541 Francis
1615 3467 1745 3541 innati
1769 3483 1809 3540 et
1832 3483 1971 3541 natura
1996 3443 2100 3563 quffi

244 3582 250 3603 ⁸
350 3582 455 3658 inliti
479 3583 670 3657 libertatis
695 3582 838 3657 amoris
865 3558 1003 3658 exstare
1028 3579 1140 3680 possit
1164 3581 1450 3673 testimonium,
1483 3609 1603 3682 quam
1639 3583 1725 3660 fisci
1755 3579 2003 3683 praefectus,
2029 3579 2099 3680 qui

350 3703 553 3776 aFrancis
580 3725 629 3774 ex
652 3698 740 3798 ipfis
767 3701 909 3775 electus
943 3727 989 3776 eo
1025 3701 1184 3777 conlilio
1217 3702 1300 3802 regi
1335 3701 1624 3800 quodammodo
1653 3701 1849 3800 appolitus
1881 3698 2022 3787 fuerit,
2055 3690 2101 3772 ιιι
2135 3754 2138 3761 .

351 3846 416 3897 eos
442 3847 464 3894 a
489 3810 589 3921 regis
616 3817 777 3892 arbitrio
799 3810 1046 3894 vindicaret?
1100 3821 1142 3893 Si
1166 3820 1332 3917 denique
1368 3820 1537 3895 civitatis
1563 3814 1799 3895 Francorum
1835 3812 2100 3892 ammitte-n·

350 3938 418 4014 dae
444 3940 636 4013 rationem
659 3938 898 4035 spectamus,
931 3937 1026 4035 quid
1050 3932 1170 4009 fuerit
1194 3938 1319 4037 magis
1345 3940 1667 4047 consentaneum,
1700 3936 1797 4035 quid
1829 3936 1986 4010 tandem
2019 3959 2099 4010 ιιιι·

348 4058 410 4158 gis
447 4055 717 4140 necellarium,
753 4081 868 4157 quam
903 4051 1176 4152 praefectus
1143 4080 1225 4129 erus
1251 4057 1349 4131 boni
1372 4056 1541 4168 publici,
1568 4054 1676 4152 quod
1699 4076 1835 4128 omnes
1860 4059 2026 4130 Franms
2051 4053 2100 4126 sd
2194 4051 2199 4059 ’

153 4252 196 4271 ,ἡ
346 4200 481 4274 pacem
507 4192 546 4249 et
572 4174 840 4255 concordiam.
872 4174 1057 4247 virtutem
1082 4189 1121 4246 et
1145 4160 1418 4267 foititudinem
1451 4169 1805 4247 coniunxeritl-
1861 4176 1919 4248 lte
1948 4166 2098 4247 forulo

347 4294 440 4367 haec
464 4276 653 4366 sententia
687 4293 747 4368 his
780 4291 936 4390 insuper
961 4290 1246 4390 aliquantulum
1271 4291 1489 4367 confirmari
1512 4289 1680 4365 videtur
1728 4293 1886 4391 Saepius
1910 4281 2120 4365 nimbum*

347 4411 513 4485 Maioris
548 4390 687 4484 domus
722 4410 872 4511 men-tio
907 4409 975 4498 fit,
1010 4433 1100 4483 cum
1135 4409 1308 4485 eccleliao
1343 4411 1408 4484 vel
1432 4406 1657 4484 monasteria
1682 4429 1731 4485 ex
1754 4407 1844 4486 fiseo
1869 4401 2099 4484 mutuom

348 4528 528 4628 accepille
557 4547 792 4605 narrantur·
838 4533 893 4606 St.
917 4528 1122 4631 Remadus
1155 4550 1189 4602 e.
1213 4551 1254 4627 g.
1277 4550 1301 4605 a
1324 4527 1516 4629 Sigiberto
1541 4531 1601 4605 111
1620 4528 1714 4606 loos-
1732 4527 1917 4630 quaedam
1940 4526 1990 4602 ad
2012 4549 2097 4603 mo·
2163 4600 2167 4606 ,
2212 4533 2219 4547 ’
