<?xml version="1.0" encoding="UTF-8"?>
<!DOCTYPE html PUBLIC "-//W3C//DTD XHTML 1.0 Transitional//EN"
    "http://www.w3.org/TR/xhtml1/DTD/xhtml1-transitional.dtd">
<html xmlns="http://www.w3.org/1999/xhtml" xml:lang="en" lang="en">
 <head>
  <title>
</title>
<meta http-equiv="Content-Type" content="text/html;charset=utf-8" />
  <meta name='ocr-system' content='tesseract 3.04.00' />
  <meta name='ocr-capabilities' content='ocr_page ocr_carea ocr_par ocr_line ocrx_word'/>
</head>
<body>
  <div class='ocr_page' id='page_1' title='image "./commentatiohist00zinkgoog_0029.png"; bbox 0 0 4590 5364; ppageno 0'>
   <div class='ocr_carea' id='block_1_1' title="bbox 1032 324 1396 392">
    <p class='ocr_par' dir='ltr' id='par_1_1' title="bbox 1032 324 1396 392">
     <span class='ocr_line' id='line_1_1' title="bbox 1032 324 1396 392; baseline 0 -20"><span class='ocrx_word' id='word_1_1' title='bbox 1032 324 1396 392; x_wconf 52' lang='lat'>*20⁶4</span> 
     </span>
    </p>
   </div>
   <div class='ocr_carea' id='block_1_2' title="bbox 343 495 2096 868">
    <p class='ocr_par' dir='ltr' id='par_1_2' title="bbox 343 495 2096 868">
     <span class='ocr_line' id='line_1_2' title="bbox 343 495 2095 635; baseline 0.005 -35"><span class='ocrx_word' id='word_1_2' title='bbox 343 528 467 601; x_wconf 81' lang='lat' dir='ltr'>banda</span> <span class='ocrx_word' id='word_1_3' title='bbox 494 522 563 614; x_wconf 84' lang='lat' dir='ltr'>est,</span> <span class='ocrx_word' id='word_1_4' title='bbox 579 522 827 635; x_wconf 21' lang='lat' dir='ltr'>&#39;quippestqui</span> <span class='ocrx_word' id='word_1_5' title='bbox 851 526 1060 620; x_wconf 87' lang='lat' dir='ltr'>permulta,</span> <span class='ocrx_word' id='word_1_6' title='bbox 1087 542 1132 596; x_wconf 90' lang='lat' dir='ltr'>ut</span> <span class='ocrx_word' id='word_1_7' title='bbox 1157 523 1256 596; x_wconf 87' lang='lat' dir='ltr'>mihi</span> <span class='ocrx_word' id='word_1_8' title='bbox 1293 524 1469 613; x_wconf 82' lang='lat' dir='ltr'>videtur,</span> <span class='ocrx_word' id='word_1_9' title='bbox 1497 523 1585 600; x_wconf 85' lang='lat' dir='ltr'>ficta</span> <span class='ocrx_word' id='word_1_10' title='bbox 1611 546 1649 601; x_wconf 92' lang='lat' dir='ltr'>et</span> <span class='ocrx_word' id='word_1_11' title='bbox 1677 495 1910 619; x_wconf 67' lang='lat' dir='ltr'>commenta,</span> <span class='ocrx_word' id='word_1_12' title='bbox 1934 533 1980 606; x_wconf 84' lang='lat' dir='ltr'>de</span> <span class='ocrx_word' id='word_1_13' title='bbox 2008 535 2095 632; x_wconf 49' lang='lat' dir='ltr'>qui-¹</span> 
     </span>
     <span class='ocr_line' id='line_1_3' title="bbox 343 640 2096 746; baseline 0.003 -27"><span class='ocrx_word' id='word_1_14' title='bbox 343 648 414 720; x_wconf 82' lang='lat' dir='ltr'>bus</span> <span class='ocrx_word' id='word_1_15' title='bbox 449 648 492 718; x_wconf 90' lang='lat' dir='ltr'>in</span> <span class='ocrx_word' id='word_1_16' title='bbox 528 643 711 744; x_wconf 81' lang='lat' dir='ltr'><strong>Gregorio</strong></span> <span class='ocrx_word' id='word_1_17' title='bbox 724 696 754 742; x_wconf 36' lang='lat'>,-</span> <span class='ocrx_word' id='word_1_18' title='bbox 771 666 885 738; x_wconf 89' lang='lat' dir='ltr'>quem</span> <span class='ocrx_word' id='word_1_19' title='bbox 931 644 1080 717; x_wconf 87' lang='lat' dir='ltr'>secutus</span> <span class='ocrx_word' id='word_1_20' title='bbox 1132 640 1200 730; x_wconf 88' lang='lat' dir='ltr'>est,</span> <span class='ocrx_word' id='word_1_21' title='bbox 1244 668 1294 716; x_wconf 89' lang='lat' dir='ltr'>ne</span> <span class='ocrx_word' id='word_1_22' title='bbox 1328 641 1529 744; x_wconf 84' lang='lat' dir='ltr'>vestigium</span> <span class='ocrx_word' id='word_1_23' title='bbox 1567 649 1723 744; x_wconf 91' lang='lat' dir='ltr'>quidem</span> <span class='ocrx_word' id='word_1_24' title='bbox 1760 651 1964 746; x_wconf 90' lang='lat' dir='ltr'>reperitur,</span> <span class='ocrx_word' id='word_1_25' title='bbox 2018 649 2096 725; x_wconf 87' lang='lat' dir='ltr'>[ine</span> 
     </span>
     <span class='ocr_line' id='line_1_4' title="bbox 346 760 2096 868; baseline 0.002 -29"><span class='ocrx_word' id='word_1_26' title='bbox 346 768 425 839; x_wconf 88' lang='lat' dir='ltr'>ulla</span> <span class='ocrx_word' id='word_1_27' title='bbox 460 765 687 859; x_wconf 86' lang='lat' dir='ltr'>cuiusquam</span> <span class='ocrx_word' id='word_1_28' title='bbox 709 760 956 834; x_wconf 74' lang='lat' dir='ltr'>¹auctoritate</span> <span class='ocrx_word' id='word_1_29' title='bbox 997 763 1130 834; x_wconf 91' lang='lat' dir='ltr'>libello</span> <span class='ocrx_word' id='word_1_30' title='bbox 1168 760 1375 834; x_wconf 84' lang='lat' dir='ltr'>inseruerit</span> <span class='ocrx_word' id='word_1_31' title='bbox 1382 790 1394 848; x_wconf 80' lang='lat'>3</span> <span class='ocrx_word' id='word_1_32' title='bbox 1444 765 1500 837; x_wconf 91' lang='lat' dir='ltr'>ita</span> <span class='ocrx_word' id='word_1_33' title='bbox 1543 764 1589 839; x_wconf 91' lang='lat' dir='ltr'>de</span> <span class='ocrx_word' id='word_1_34' title='bbox 1627 765 1815 840; x_wconf 75' lang='lat' dir='ltr'><strong>chrodini</strong></span> <span class='ocrx_word' id='word_1_35' title='bbox 1846 785 1884 839; x_wconf 91' lang='lat' dir='ltr'>et</span> <span class='ocrx_word' id='word_1_36' title='bbox 1921 771 2096 868; x_wconf 85' lang='lat' dir='ltr'>Gogonia</span> 
     </span>
    </p>
   </div>
   <div class='ocr_carea' id='block_1_3' title="bbox 219 879 2097 980">
    <p class='ocr_par' dir='ltr' id='par_1_3' title="bbox 219 879 2097 980">
     <span class='ocr_line' id='line_1_5' title="bbox 219 879 2097 980; baseline 0.002 -24"><span class='ocrx_word' id='word_1_37' title='bbox 219 969 233 980; x_wconf 44' lang='grc'><strong>-</strong></span> <span class='ocrx_word' id='word_1_38' title='bbox 269 943 274 947; x_wconf 91' lang='grc'><em>.</em></span> <span class='ocrx_word' id='word_1_39' title='bbox 346 885 531 975; x_wconf 80' lang='lat' dir='ltr'>electione</span> <span class='ocrx_word' id='word_1_40' title='bbox 566 907 637 953; x_wconf 89' lang='lat' dir='ltr'>nec</span> <span class='ocrx_word' id='word_1_41' title='bbox 676 879 901 976; x_wconf 84' lang='lat' dir='ltr'>Gregorius,</span> <span class='ocrx_word' id='word_1_42' title='bbox 948 903 1021 951; x_wconf 89' lang='lat' dir='ltr'>nec</span> <span class='ocrx_word' id='word_1_43' title='bbox 1058 882 1146 966; x_wconf 88' lang='lat' dir='ltr'>alii,</span> <span class='ocrx_word' id='word_1_44' title='bbox 1189 879 1261 951; x_wconf 90' lang='lat' dir='ltr'>nifi</span> <span class='ocrx_word' id='word_1_45' title='bbox 1297 882 1477 970; x_wconf 83' lang='lat' dir='ltr'>seriores,</span> <span class='ocrx_word' id='word_1_46' title='bbox 1525 879 1721 968; x_wconf 70' lang='lat' dir='ltr'>historiam</span> <span class='ocrx_word' id='word_1_47' title='bbox 1751 887 2008 978; x_wconf 63' lang='lat' dir='ltr'>,epitomatam</span> <span class='ocrx_word' id='word_1_48' title='bbox 2041 905 2097 960; x_wconf 89' lang='lat' dir='ltr'>te-</span> 
     </span>
    </p>
   </div>
   <div class='ocr_carea' id='block_1_4' title="bbox 344 994 2157 1108">
    <p class='ocr_par' dir='ltr' id='par_1_4' title="bbox 344 994 2157 1108">
     <span class='ocr_line' id='line_1_6' title="bbox 344 994 2157 1108; baseline 0.001 -33"><span class='ocrx_word' id='word_1_49' title='bbox 344 1027 446 1075; x_wconf 85' lang='lat' dir='ltr'>mere</span> <span class='ocrx_word' id='word_1_50' title='bbox 467 999 626 1093; x_wconf 60' lang='lat' dir='ltr'>,secuti,</span> <span class='ocrx_word' id='word_1_51' title='bbox 681 996 889 1096; x_wconf 85' lang='lat' dir='ltr'><strong>quidquam</strong></span> <span class='ocrx_word' id='word_1_52' title='bbox 924 994 1101 1071; x_wconf 84' lang='lat' dir='ltr'>afferunt.</span> <span class='ocrx_word' id='word_1_53' title='bbox 1165 998 1432 1072; x_wconf 82' lang='lat' dir='ltr'>Nihilominus</span> <span class='ocrx_word' id='word_1_54' title='bbox 1467 1018 1599 1074; x_wconf 89' lang='lat' dir='ltr'>tamen</span> <span class='ocrx_word' id='word_1_55' title='bbox 1647 1003 1888 1077; x_wconf 86' lang='lat' dir='ltr'>Sismondius</span> <span class='ocrx_word' id='word_1_56' title='bbox 1933 1005 2114 1108; x_wconf 29' lang='lat' dir='ltr'>praefer-l</span> <span class='ocrx_word' id='word_1_57' title='bbox 2149 1038 2157 1048; x_wconf 88' lang='lat'><strong>·</strong></span> 
     </span>
    </p>
   </div>
   <div class='ocr_carea' id='block_1_5' title="bbox 302 1113 2246 1225">
    <p class='ocr_par' dir='ltr' id='par_1_5' title="bbox 302 1113 2246 1225">
     <span class='ocr_line' id='line_1_7' title="bbox 302 1113 2246 1225; baseline 0.004 -35"><span class='ocrx_word' id='word_1_58' title='bbox 302 1113 318 1128; x_wconf 84' lang='lat'>&#39;</span> <span class='ocrx_word' id='word_1_59' title='bbox 344 1118 418 1191; x_wconf 89' lang='lat' dir='ltr'>tim</span> <span class='ocrx_word' id='word_1_60' title='bbox 452 1117 578 1193; x_wconf 86' lang='lat' dir='ltr'>verbis</span> <span class='ocrx_word' id='word_1_61' title='bbox 612 1140 710 1204; x_wconf 87' lang='lat' dir='ltr'>„nec</span> <span class='ocrx_word' id='word_1_62' title='bbox 749 1139 981 1212; x_wconf 87' lang='lat' dir='ltr'>quemquam</span> <span class='ocrx_word' id='word_1_63' title='bbox 1016 1115 1277 1204; x_wconf 86' lang='lat' dir='ltr'>interlicere“,</span> <span class='ocrx_word' id='word_1_64' title='bbox 1309 1140 1425 1225; x_wconf 77' lang='lat' dir='ltr'>¹quae</span> <span class='ocrx_word' id='word_1_65' title='bbox 1468 1118 1572 1192; x_wconf 89' lang='lat' dir='ltr'>haud</span> <span class='ocrx_word' id='word_1_66' title='bbox 1618 1137 1759 1193; x_wconf 89' lang='lat' dir='ltr'>temere</span> <span class='ocrx_word' id='word_1_67' title='bbox 1793 1120 1864 1194; x_wconf 88' lang='lat' dir='ltr'>fibi</span> <span class='ocrx_word' id='word_1_68' title='bbox 1898 1123 2002 1195; x_wconf 85' lang='lat' dir='ltr'>risus</span> <span class='ocrx_word' id='word_1_69' title='bbox 2042 1118 2093 1196; x_wconf 83' lang='lat' dir='ltr'>est</span> <span class='ocrx_word' id='word_1_70' title='bbox 2197 1209 2201 1214; x_wconf 80' lang='lat'><em>.</em></span> <span class='ocrx_word' id='word_1_71' title='bbox 2242 1134 2246 1150; x_wconf 91' lang='lat'>&#39;</span> 
     </span>
    </p>
   </div>
   <div class='ocr_carea' id='block_1_6' title="bbox 279 1233 2197 2403">
    <p class='ocr_par' dir='ltr' id='par_1_6' title="bbox 279 1233 2197 2403">
     <span class='ocr_line' id='line_1_8' title="bbox 344 1233 2093 1351; baseline 0.001 -41"><span class='ocrx_word' id='word_1_72' title='bbox 344 1238 397 1311; x_wconf 90' lang='lat' dir='ltr'>ita</span> <span class='ocrx_word' id='word_1_73' title='bbox 437 1237 650 1336; x_wconf 84' lang='lat' dir='ltr'>germanice</span> <span class='ocrx_word' id='word_1_74' title='bbox 684 1233 853 1309; x_wconf 84' lang='lat' dir='ltr'>reddere:</span> <span class='ocrx_word' id='word_1_75' title='bbox 906 1242 990 1322; x_wconf 85' lang='lat' dir='ltr'>„Er</span> <span class='ocrx_word' id='word_1_76' title='bbox 1015 1234 1150 1326; x_wconf 77' lang='lat' dir='ltr'>lonnte</span> <span class='ocrx_word' id='word_1_77' title='bbox 1176 1238 1368 1310; x_wconf 85' lang='lat' dir='ltr'>Niemand</span> <span class='ocrx_word' id='word_1_78' title='bbox 1395 1237 1706 1351; x_wconf 59' lang='lat' dir='ltr'>mopddolrmenf‘</span> <span class='ocrx_word' id='word_1_79' title='bbox 1762 1240 1943 1313; x_wconf 88' lang='lat' dir='ltr'>inductus</span> <span class='ocrx_word' id='word_1_80' title='bbox 1984 1240 2093 1312; x_wconf 88' lang='lat' dir='ltr'>suam</span> 
     </span>
     <span class='ocr_line' id='line_1_9' title="bbox 340 1339 2180 1456; baseline 0.002 -28"><span class='ocrx_word' id='word_1_81' title='bbox 340 1357 393 1453; x_wconf 35' lang='lat' dir='ltr'>,de</span> <span class='ocrx_word' id='word_1_82' title='bbox 436 1355 600 1430; x_wconf 89' lang='lat' dir='ltr'>Maioris</span> <span class='ocrx_word' id='word_1_83' title='bbox 637 1353 776 1426; x_wconf 86' lang='lat' dir='ltr'>domus</span> <span class='ocrx_word' id='word_1_84' title='bbox 821 1378 979 1425; x_wconf 89' lang='lat' dir='ltr'>munere</span> <span class='ocrx_word' id='word_1_85' title='bbox 1015 1371 1129 1450; x_wconf 89' lang='lat' dir='ltr'>atque</span> <span class='ocrx_word' id='word_1_86' title='bbox 1176 1351 1363 1452; x_wconf 82' lang='lat' dir='ltr'>dignitate</span> <span class='ocrx_word' id='word_1_87' title='bbox 1408 1355 1637 1428; x_wconf 84' lang='lat' dir='ltr'>sententiam</span> <span class='ocrx_word' id='word_1_88' title='bbox 1681 1358 1959 1456; x_wconf 55' lang='lat' dir='ltr'>promulgavitr</span> <span class='ocrx_word' id='word_1_89' title='bbox 2020 1364 2096 1431; x_wconf 88' lang='lat' dir='ltr'>Ne·</span> <span class='ocrx_word' id='word_1_90' title='bbox 2176 1339 2180 1346; x_wconf 34' lang='lat'>¹</span> 
     </span>
     <span class='ocr_line' id='line_1_10' title="bbox 347 1471 2197 1573; baseline 0.002 -26"><span class='ocrx_word' id='word_1_91' title='bbox 347 1497 424 1573; x_wconf 91' lang='lat' dir='ltr'>que</span> <span class='ocrx_word' id='word_1_92' title='bbox 458 1498 550 1549; x_wconf 78' lang='lat' dir='ltr'>vero</span> <span class='ocrx_word' id='word_1_93' title='bbox 586 1472 691 1546; x_wconf 83' lang='lat' dir='ltr'>caula</span> <span class='ocrx_word' id='word_1_94' title='bbox 724 1472 864 1556; x_wconf 88' lang='lat' dir='ltr'>idonea</span> <span class='ocrx_word' id='word_1_95' title='bbox 898 1471 1149 1570; x_wconf 83' lang='lat' dir='ltr'>intelligitur,</span> <span class='ocrx_word' id='word_1_96' title='bbox 1195 1496 1260 1544; x_wconf 92' lang='lat' dir='ltr'>cur</span> <span class='ocrx_word' id='word_1_97' title='bbox 1294 1472 1408 1546; x_wconf 89' lang='lat' dir='ltr'>huius</span> <span class='ocrx_word' id='word_1_98' title='bbox 1444 1471 1584 1544; x_wconf 87' lang='lat' dir='ltr'>summi</span> <span class='ocrx_word' id='word_1_99' title='bbox 1611 1472 1751 1546; x_wconf 87' lang='lat' dir='ltr'>iudicis</span> <span class='ocrx_word' id='word_1_100' title='bbox 1787 1500 1933 1548; x_wconf 92' lang='lat' dir='ltr'>nomen</span> <span class='ocrx_word' id='word_1_101' title='bbox 1970 1475 2094 1550; x_wconf 88' lang='lat' dir='ltr'>abeo</span> <span class='ocrx_word' id='word_1_102' title='bbox 2159 1527 2163 1538; x_wconf 86' lang='lat'><em>-</em></span> <span class='ocrx_word' id='word_1_103' title='bbox 2194 1481 2197 1488; x_wconf 86' lang='lat'>&#39;</span> 
     </span>
     <span class='ocr_line' id='line_1_11' title="bbox 347 1589 2099 1690; baseline 0.001 -26"><span class='ocrx_word' id='word_1_104' title='bbox 347 1593 463 1689; x_wconf 85' lang='lat' dir='ltr'>ipfius</span> <span class='ocrx_word' id='word_1_105' title='bbox 488 1592 647 1690; x_wconf 80' lang='lat' dir='ltr'>negotio</span> <span class='ocrx_word' id='word_1_106' title='bbox 675 1590 919 1685; x_wconf 91' lang='lat' dir='ltr'>depromtum</span> <span class='ocrx_word' id='word_1_107' title='bbox 945 1589 1085 1677; x_wconf 87' lang='lat' dir='ltr'>fuerit,</span> <span class='ocrx_word' id='word_1_108' title='bbox 1115 1589 1224 1684; x_wconf 90' lang='lat' dir='ltr'>quod</span> <span class='ocrx_word' id='word_1_109' title='bbox 1245 1613 1312 1684; x_wconf 90' lang='lat' dir='ltr'>per</span> <span class='ocrx_word' id='word_1_110' title='bbox 1339 1589 1375 1661; x_wconf 86' lang='lat' dir='ltr'>se</span> <span class='ocrx_word' id='word_1_111' title='bbox 1400 1592 1518 1663; x_wconf 87' lang='lat' dir='ltr'>unius</span> <span class='ocrx_word' id='word_1_112' title='bbox 1557 1590 1743 1689; x_wconf 87' lang='lat' dir='ltr'>cuiusque</span> <span class='ocrx_word' id='word_1_113' title='bbox 1780 1595 1956 1664; x_wconf 88' lang='lat' dir='ltr'>animum</span> <span class='ocrx_word' id='word_1_114' title='bbox 1990 1610 2099 1666; x_wconf 89' lang='lat' dir='ltr'>metu</span> 
     </span>
     <span class='ocr_line' id='line_1_12' title="bbox 279 1704 2098 1805; baseline -0.001 -20"><span class='ocrx_word' id='word_1_115' title='bbox 279 1713 284 1725; x_wconf 82' lang='lat'>&#39;</span> <span class='ocrx_word' id='word_1_116' title='bbox 348 1728 386 1786; x_wconf 87' lang='lat' dir='ltr'>et</span> <span class='ocrx_word' id='word_1_117' title='bbox 412 1730 555 1784; x_wconf 87' lang='lat' dir='ltr'>terrore</span> <span class='ocrx_word' id='word_1_118' title='bbox 581 1704 809 1803; x_wconf 76' lang='lat' dir='ltr'>perfundere</span> <span class='ocrx_word' id='word_1_119' title='bbox 844 1705 1037 1793; x_wconf 88' lang='lat' dir='ltr'>debuerit,</span> <span class='ocrx_word' id='word_1_120' title='bbox 1066 1706 1168 1801; x_wconf 81' lang='lat' dir='ltr'>quast</span> <span class='ocrx_word' id='word_1_121' title='bbox 1203 1708 1352 1794; x_wconf 87' lang='lat' dir='ltr'>summo</span> <span class='ocrx_word' id='word_1_122' title='bbox 1379 1708 1489 1805; x_wconf 88' lang='lat' dir='ltr'>regni</span> <span class='ocrx_word' id='word_1_123' title='bbox 1514 1707 1634 1778; x_wconf 90' lang='lat' dir='ltr'>iudici</span> <span class='ocrx_word' id='word_1_124' title='bbox 1658 1734 1755 1794; x_wconf 86' lang='lat' dir='ltr'>non,</span> <span class='ocrx_word' id='word_1_125' title='bbox 1782 1709 1856 1782; x_wconf 86' lang='lat' dir='ltr'>nili</span> <span class='ocrx_word' id='word_1_126' title='bbox 1882 1712 1930 1783; x_wconf 89' lang='lat' dir='ltr'>de</span> <span class='ocrx_word' id='word_1_127' title='bbox 1956 1710 2098 1783; x_wconf 87' lang='lat' dir='ltr'>talibus</span> 
     </span>
     <span class='ocr_line' id='line_1_13' title="bbox 332 1818 2113 1924; baseline -0.002 -25"><span class='ocrx_word' id='word_1_128' title='bbox 332 1818 627 1924; x_wconf 61' lang='lat' dir='ltr'>⁶inquirendum</span> <span class='ocrx_word' id='word_1_129' title='bbox 652 1821 770 1893; x_wconf 83' lang='lat' dir='ltr'>fuerit</span> <span class='ocrx_word' id='word_1_130' title='bbox 795 1821 1038 1906; x_wconf 86' lang='lat' dir='ltr'>criminibus,</span> <span class='ocrx_word' id='word_1_131' title='bbox 1066 1843 1162 1915; x_wconf 87' lang='lat' dir='ltr'>quae</span> <span class='ocrx_word' id='word_1_132' title='bbox 1183 1821 1371 1914; x_wconf 89' lang='lat' dir='ltr'>supplicio</span> <span class='ocrx_word' id='word_1_133' title='bbox 1392 1823 1545 1913; x_wconf 91' lang='lat' dir='ltr'>capitali</span> <span class='ocrx_word' id='word_1_134' title='bbox 1561 1821 1708 1896; x_wconf 86' lang='lat' dir='ltr'>fuerint</span> <span class='ocrx_word' id='word_1_135' title='bbox 1724 1827 1966 1900; x_wconf 76' lang='lat' dir='ltr'>mulctanda·</span> <span class='ocrx_word' id='word_1_136' title='bbox 1992 1833 2113 1903; x_wconf 61' lang='lat' dir='ltr'>Prae,</span> 
     </span>
     <span class='ocr_line' id='line_1_14' title="bbox 348 1922 2100 2038; baseline 0.001 -20"><span class='ocrx_word' id='word_1_137' title='bbox 348 1965 449 2019; x_wconf 85' lang='lat' dir='ltr'>terea</span> <span class='ocrx_word' id='word_1_138' title='bbox 477 1941 712 2026; x_wconf 77' lang='lat' dir='ltr'>chrodinus,</span> <span class='ocrx_word' id='word_1_139' title='bbox 751 1963 866 2036; x_wconf 90' lang='lat' dir='ltr'>quem</span> <span class='ocrx_word' id='word_1_140' title='bbox 892 1955 1026 2011; x_wconf 84' lang='lat' dir='ltr'>auctor</span> <span class='ocrx_word' id='word_1_141' title='bbox 1051 1940 1275 2032; x_wconf 84' lang='lat' dir='ltr'>loquentem</span> <span class='ocrx_word' id='word_1_142' title='bbox 1300 1934 1538 2018; x_wconf 85' lang='lat' dir='ltr'>introduxit,</span> <span class='ocrx_word' id='word_1_143' title='bbox 1573 1940 1666 2010; x_wconf 85' lang='lat' dir='ltr'>haec</span> <span class='ocrx_word' id='word_1_144' title='bbox 1693 1965 1847 2038; x_wconf 89' lang='lat' dir='ltr'>quoque</span> <span class='ocrx_word' id='word_1_145' title='bbox 1881 1944 1958 2016; x_wconf 70' lang='lat' dir='ltr'>aits</span> <span class='ocrx_word' id='word_1_146' title='bbox 1992 1922 2100 2033; x_wconf 87' lang='lat' dir='ltr'>„non</span> 
     </span>
     <span class='ocr_line' id='line_1_15' title="bbox 347 2047 2096 2160; baseline 0 -24"><span class='ocrx_word' id='word_1_147' title='bbox 347 2062 497 2160; x_wconf 88' lang='lat' dir='ltr'>pollum</span> <span class='ocrx_word' id='word_1_148' title='bbox 521 2059 643 2132; x_wconf 88' lang='lat' dir='ltr'>facere</span> <span class='ocrx_word' id='word_1_149' title='bbox 669 2083 716 2130; x_wconf 85' lang='lat' dir='ltr'>ex</span> <span class='ocrx_word' id='word_1_150' title='bbox 742 2057 795 2129; x_wconf 87' lang='lat' dir='ltr'>eis</span> <span class='ocrx_word' id='word_1_151' title='bbox 822 2055 1100 2150; x_wconf 83' lang='lat' dir='ltr'>disciplinam,“</span> <span class='ocrx_word' id='word_1_152' title='bbox 1128 2079 1224 2151; x_wconf 87' lang='lat' dir='ltr'>quae</span> <span class='ocrx_word' id='word_1_153' title='bbox 1249 2055 1363 2129; x_wconf 89' lang='lat' dir='ltr'>verba</span> <span class='ocrx_word' id='word_1_154' title='bbox 1389 2057 1637 2151; x_wconf 88' lang='lat' dir='ltr'>praecipuum</span> <span class='ocrx_word' id='word_1_155' title='bbox 1660 2047 1828 2132; x_wconf 85' lang='lat' dir='ltr'>Maioris</span> <span class='ocrx_word' id='word_1_156' title='bbox 1850 2062 1992 2136; x_wconf 88' lang='lat' dir='ltr'>domus</span> <span class='ocrx_word' id='word_1_157' title='bbox 2016 2058 2096 2136; x_wconf 89' lang='lat' dir='ltr'>offi-</span> 
     </span>
     <span class='ocr_line' id='line_1_16' title="bbox 352 2171 2100 2272; baseline -0.002 -17"><span class='ocrx_word' id='word_1_158' title='bbox 352 2183 455 2254; x_wconf 88' lang='lat' dir='ltr'>cium</span> <span class='ocrx_word' id='word_1_159' title='bbox 480 2178 649 2252; x_wconf 88' lang='lat' dir='ltr'>indicare</span> <span class='ocrx_word' id='word_1_160' title='bbox 675 2176 868 2261; x_wconf 83' lang='lat' dir='ltr'>videntur,</span> <span class='ocrx_word' id='word_1_161' title='bbox 896 2197 991 2270; x_wconf 87' lang='lat' dir='ltr'>quae</span> <span class='ocrx_word' id='word_1_162' title='bbox 1006 2197 1099 2244; x_wconf 84' lang='lat' dir='ltr'>vero</span> <span class='ocrx_word' id='word_1_163' title='bbox 1120 2171 1349 2269; x_wconf 83' lang='lat' dir='ltr'>sequunturt</span> <span class='ocrx_word' id='word_1_164' title='bbox 1377 2197 1475 2260; x_wconf 89' lang='lat' dir='ltr'>„nec</span> <span class='ocrx_word' id='word_1_165' title='bbox 1496 2199 1731 2272; x_wconf 86' lang='lat' dir='ltr'>quemquam</span> <span class='ocrx_word' id='word_1_166' title='bbox 1744 2176 1995 2267; x_wconf 77' lang='lat' dir='ltr'>interficere“,</span> <span class='ocrx_word' id='word_1_167' title='bbox 2014 2202 2100 2254; x_wconf 85' lang='lat' dir='ltr'>non</span> 
     </span>
     <span class='ocr_line' id='line_1_17' title="bbox 349 2289 2099 2403; baseline 0.001 -32"><span class='ocrx_word' id='word_1_168' title='bbox 349 2299 421 2403; x_wconf 83' lang='lat' dir='ltr'>nili</span> <span class='ocrx_word' id='word_1_169' title='bbox 445 2316 593 2394; x_wconf 90' lang='lat' dir='ltr'>partem</span> <span class='ocrx_word' id='word_1_170' title='bbox 618 2312 679 2375; x_wconf 89' lang='lat' dir='ltr'>et,</span> <span class='ocrx_word' id='word_1_171' title='bbox 706 2309 751 2365; x_wconf 91' lang='lat' dir='ltr'>ut</span> <span class='ocrx_word' id='word_1_172' title='bbox 775 2293 830 2364; x_wconf 90' lang='lat' dir='ltr'>ita</span> <span class='ocrx_word' id='word_1_173' title='bbox 856 2291 991 2376; x_wconf 84' lang='lat' dir='ltr'>dicam,</span> <span class='ocrx_word' id='word_1_174' title='bbox 1020 2290 1187 2384; x_wconf 84' lang='lat' dir='ltr'>speciem</span> <span class='ocrx_word' id='word_1_175' title='bbox 1212 2289 1404 2392; x_wconf 88' lang='lat' dir='ltr'>quandam</span> <span class='ocrx_word' id='word_1_176' title='bbox 1430 2291 1537 2364; x_wconf 88' lang='lat' dir='ltr'>illius</span> <span class='ocrx_word' id='word_1_177' title='bbox 1564 2293 1786 2390; x_wconf 86' lang='lat' dir='ltr'>disciplinae</span> <span class='ocrx_word' id='word_1_178' title='bbox 1813 2297 2032 2385; x_wconf 84' lang='lat' dir='ltr'>describere,</span> <span class='ocrx_word' id='word_1_179' title='bbox 2059 2315 2099 2372; x_wconf 86' lang='lat' dir='ltr'>et</span> 
     </span>
    </p>
   </div>
   <div class='ocr_carea' id='block_1_7' title="bbox 281 2406 2236 2516">
    <p class='ocr_par' dir='ltr' id='par_1_7' title="bbox 281 2406 2236 2516">
     <span class='ocr_line' id='line_1_18' title="bbox 281 2406 2236 2516; baseline 0.013 -50"><span class='ocrx_word' id='word_1_180' title='bbox 281 2456 287 2466; x_wconf 93' lang='lat'>.</span> <span class='ocrx_word' id='word_1_181' title='bbox 350 2415 453 2516; x_wconf 55' lang='lat' dir='ltr'>quas}</span> <span class='ocrx_word' id='word_1_182' title='bbox 480 2409 697 2513; x_wconf 72' lang='lat' dir='ltr'>explicandi</span> <span class='ocrx_word' id='word_1_183' title='bbox 722 2412 786 2483; x_wconf 87' lang='lat' dir='ltr'>vel</span> <span class='ocrx_word' id='word_1_184' title='bbox 812 2407 1071 2502; x_wconf 85' lang='lat' dir='ltr'>amplificandi</span> <span class='ocrx_word' id='word_1_185' title='bbox 1097 2406 1205 2480; x_wconf 83' lang='lat' dir='ltr'>causa</span> <span class='ocrx_word' id='word_1_186' title='bbox 1232 2410 1376 2481; x_wconf 83' lang='lat' dir='ltr'>adiecta</span> <span class='ocrx_word' id='word_1_187' title='bbox 1403 2407 1474 2491; x_wconf 79' lang='lat' dir='ltr'>effe</span> <span class='ocrx_word' id='word_1_188' title='bbox 1499 2412 1715 2486; x_wconf 84' lang='lat' dir='ltr'>videantur.</span> <span class='ocrx_word' id='word_1_189' title='bbox 1769 2412 1881 2510; x_wconf 85' lang='lat' dir='ltr'>Quod</span> <span class='ocrx_word' id='word_1_190' title='bbox 1905 2439 1996 2488; x_wconf 84' lang='lat' dir='ltr'>vero</span> <span class='ocrx_word' id='word_1_191' title='bbox 2025 2416 2126 2490; x_wconf 75' lang='lat' dir='ltr'>Sis·v</span> <span class='ocrx_word' id='word_1_192' title='bbox 2223 2494 2236 2508; x_wconf 61' lang='lat'>,</span> 
     </span>
    </p>
   </div>
   <div class='ocr_carea' id='block_1_8' title="bbox 347 2516 2126 2870">
    <p class='ocr_par' dir='ltr' id='par_1_8' title="bbox 347 2516 2126 2870">
     <span class='ocr_line' id='line_1_19' title="bbox 347 2516 2099 2630; baseline 0.001 -24"><span class='ocrx_word' id='word_1_193' title='bbox 347 2535 531 2609; x_wconf 81' lang='lat' dir='ltr'>mundius</span> <span class='ocrx_word' id='word_1_194' title='bbox 564 2529 705 2601; x_wconf 80' lang='lat' dir='ltr'>bracile</span> <span class='ocrx_word' id='word_1_195' title='bbox 737 2527 906 2598; x_wconf 86' lang='lat' dir='ltr'>summae</span> <span class='ocrx_word' id='word_1_196' title='bbox 937 2524 1155 2597; x_wconf 88' lang='lat' dir='ltr'>iudiciariae</span> <span class='ocrx_word' id='word_1_197' title='bbox 1190 2522 1384 2619; x_wconf 85' lang='lat' dir='ltr'>potestatis</span> <span class='ocrx_word' id='word_1_198' title='bbox 1418 2524 1571 2622; x_wconf 84' lang='lat' dir='ltr'>lignum</span> <span class='ocrx_word' id='word_1_199' title='bbox 1608 2548 1646 2600; x_wconf 93' lang='lat' dir='ltr'>et</span> <span class='ocrx_word' id='word_1_200' title='bbox 1683 2516 2099 2630; x_wconf 44' lang='lat' dir='ltr'>omamentum&#39;putat,</span> 
     </span>
     <span class='ocr_line' id='line_1_20' title="bbox 349 2639 2126 2751; baseline 0.003 -28"><span class='ocrx_word' id='word_1_201' title='bbox 349 2651 528 2751; x_wconf 85' lang='lat' dir='ltr'>equidem</span> <span class='ocrx_word' id='word_1_202' title='bbox 543 2648 646 2719; x_wconf 92' lang='lat' dir='ltr'>haud</span> <span class='ocrx_word' id='word_1_203' title='bbox 660 2645 751 2732; x_wconf 83' lang='lat' dir='ltr'>scio,</span> <span class='ocrx_word' id='word_1_204' title='bbox 772 2666 824 2720; x_wconf 87' lang='lat' dir='ltr'>an</span> <span class='ocrx_word' id='word_1_205' title='bbox 839 2641 967 2746; x_wconf 86' lang='lat' dir='ltr'>verba,</span> <span class='ocrx_word' id='word_1_206' title='bbox 995 2665 1089 2738; x_wconf 91' lang='lat' dir='ltr'>quae</span> <span class='ocrx_word' id='word_1_207' title='bbox 1106 2643 1149 2714; x_wconf 91' lang='lat' dir='ltr'>in</span> <span class='ocrx_word' id='word_1_208' title='bbox 1165 2643 1338 2740; x_wconf 87' lang='lat' dir='ltr'>margine</span> <span class='ocrx_word' id='word_1_209' title='bbox 1357 2640 1539 2714; x_wconf 88' lang='lat' dir='ltr'>adnotata</span> <span class='ocrx_word' id='word_1_210' title='bbox 1556 2643 1780 2718; x_wconf 83' lang='lat' dir='ltr'>invenimus</span> <span class='ocrx_word' id='word_1_211' title='bbox 1793 2639 1849 2736; x_wconf 77' lang='lat'>³):</span> <span class='ocrx_word' id='word_1_212' title='bbox 1877 2651 2101 2736; x_wconf 85' lang='lat' dir='ltr'>„brachium</span> <span class='ocrx_word' id='word_1_213' title='bbox 2120 2693 2126 2700; x_wconf 95' lang='lat'>·</span> 
     </span>
     <span class='ocr_line' id='line_1_21' title="bbox 351 2759 2102 2870; baseline 0.011 -47"><span class='ocrx_word' id='word_1_214' title='bbox 351 2759 526 2870; x_wconf 67' lang='lat' dir='ltr'>Gogonfs</span> <span class='ocrx_word' id='word_1_215' title='bbox 551 2766 596 2836; x_wconf 88' lang='lat' dir='ltr'>in</span> <span class='ocrx_word' id='word_1_216' title='bbox 621 2787 742 2834; x_wconf 86' lang='lat' dir='ltr'>manu</span> <span class='ocrx_word' id='word_1_217' title='bbox 757 2765 928 2834; x_wconf 45' lang='lat' dir='ltr'>*tenens“</span> <span class='ocrx_word' id='word_1_218' title='bbox 955 2759 1059 2847; x_wconf 89' lang='lat' dir='ltr'>illis,</span> <span class='ocrx_word' id='word_1_219' title='bbox 1086 2785 1181 2857; x_wconf 88' lang='lat' dir='ltr'>quae</span> <span class='ocrx_word' id='word_1_220' title='bbox 1208 2779 1334 2853; x_wconf 82' lang='lat' dir='ltr'>textus</span> <span class='ocrx_word' id='word_1_221' title='bbox 1362 2759 1539 2848; x_wconf 82' lang='lat' dir='ltr'>exhibet,</span> <span class='ocrx_word' id='word_1_222' title='bbox 1580 2761 1728 2835; x_wconf 76' lang='lat' dir='ltr'>verbis:</span> <span class='ocrx_word' id='word_1_223' title='bbox 1755 2763 1921 2848; x_wconf 89' lang='lat' dir='ltr'>„bracile</span> <span class='ocrx_word' id='word_1_224' title='bbox 1938 2771 2102 2867; x_wconf 67' lang='lat' dir='ltr'>‘Gogoni</span> 
     </span>
    </p>
   </div>
   <div class='ocr_carea' id='block_1_9' title="bbox 217 2872 2099 2984">
    <p class='ocr_par' dir='ltr' id='par_1_9' title="bbox 217 2872 2099 2984">
     <span class='ocr_line' id='line_1_22' title="bbox 217 2872 2099 2984; baseline 0.013 -48"><span class='ocrx_word' id='word_1_225' title='bbox 217 2919 241 2936; x_wconf 56' lang='lat'>..</span> <span class='ocrx_word' id='word_1_226' title='bbox 303 2925 310 2936; x_wconf 74' lang='grc'><em>,</em></span> <span class='ocrx_word' id='word_1_227' title='bbox 350 2891 394 2964; x_wconf 67' lang='lat' dir='ltr'>in</span> <span class='ocrx_word' id='word_1_228' title='bbox 434 2887 535 2959; x_wconf 72' lang='lat'><strong>00110</strong></span> <span class='ocrx_word' id='word_1_229' title='bbox 569 2880 731 2963; x_wconf 77' lang='lat' dir='ltr'>tenens“</span> <span class='ocrx_word' id='word_1_230' title='bbox 763 2881 880 2978; x_wconf 88' lang='lat' dir='ltr'>longe</span> <span class='ocrx_word' id='word_1_231' title='bbox 904 2875 1152 2974; x_wconf 42' lang='lat' dir='ltr'>praeferenda&gt;</span> <span class='ocrx_word' id='word_1_232' title='bbox 1175 2896 1288 2976; x_wconf 87' lang='lat' dir='ltr'>atque</span> <span class='ocrx_word' id='word_1_233' title='bbox 1319 2878 1364 2951; x_wconf 82' lang='lat' dir='ltr'>iu</span> <span class='ocrx_word' id='word_1_234' title='bbox 1389 2895 1539 2952; x_wconf 85' lang='lat' dir='ltr'>textum</span> <span class='ocrx_word' id='word_1_235' title='bbox 1563 2879 1780 2974; x_wconf 87' lang='lat' dir='ltr'>recipienda</span> <span class='ocrx_word' id='word_1_236' title='bbox 1806 2872 1945 2974; x_wconf 82' lang='lat' dir='ltr'>fint4),</span> <span class='ocrx_word' id='word_1_237' title='bbox 1971 2884 2099 2984; x_wconf 88' lang='lat' dir='ltr'>idque,</span> 
     </span>
    </p>
   </div>
   <div class='ocr_carea' id='block_1_10' title="bbox 226 2995 2210 3450">
    <p class='ocr_par' dir='ltr' id='par_1_10' title="bbox 226 2995 2210 3450">
     <span class='ocr_line' id='line_1_23' title="bbox 350 2995 2097 3101; baseline 0.002 -27"><span class='ocrx_word' id='word_1_238' title='bbox 350 3027 436 3080; x_wconf 84' lang='lat' dir='ltr'>tum</span> <span class='ocrx_word' id='word_1_239' title='bbox 462 3019 678 3100; x_wconf 89' lang='lat' dir='ltr'>propterea,</span> <span class='ocrx_word' id='word_1_240' title='bbox 717 2999 822 3094; x_wconf 84' lang='lat' dir='ltr'>quod</span> <span class='ocrx_word' id='word_1_241' title='bbox 858 2999 970 3070; x_wconf 92' lang='lat' dir='ltr'>nullo</span> <span class='ocrx_word' id='word_1_242' title='bbox 998 2997 1074 3069; x_wconf 89' lang='lat' dir='ltr'>alio</span> <span class='ocrx_word' id='word_1_243' title='bbox 1102 2997 1196 3069; x_wconf 90' lang='lat' dir='ltr'>loco</span> <span class='ocrx_word' id='word_1_244' title='bbox 1219 2998 1265 3069; x_wconf 89' lang='lat' dir='ltr'>de</span> <span class='ocrx_word' id='word_1_245' title='bbox 1292 2996 1485 3101; x_wconf 85' lang='lat' dir='ltr'>eiusmodi</span> <span class='ocrx_word' id='word_1_246' title='bbox 1509 2996 1672 3068; x_wconf 90' lang='lat' dir='ltr'>Maioris</span> <span class='ocrx_word' id='word_1_247' title='bbox 1701 2995 1839 3072; x_wconf 89' lang='lat' dir='ltr'>domus</span> <span class='ocrx_word' id='word_1_248' title='bbox 1867 3023 2097 3078; x_wconf 89' lang='lat' dir='ltr'>ornamento</span> 
     </span>
     <span class='ocr_line' id='line_1_24' title="bbox 352 3103 2098 3224; baseline -0.002 -28"><span class='ocrx_word' id='word_1_249' title='bbox 352 3126 559 3224; x_wconf 89' lang='lat' dir='ltr'>quidquam</span> <span class='ocrx_word' id='word_1_250' title='bbox 586 3132 888 3207; x_wconf 68' lang='lat' dir='ltr'>commemorant</span> <span class='ocrx_word' id='word_1_251' title='bbox 912 3103 1135 3210; x_wconf 81' lang='lat' dir='ltr'>scriptores,</span> <span class='ocrx_word' id='word_1_252' title='bbox 1175 3132 1260 3186; x_wconf 91' lang='lat' dir='ltr'>tum</span> <span class='ocrx_word' id='word_1_253' title='bbox 1286 3114 1375 3211; x_wconf 89' lang='lat' dir='ltr'>quia</span> <span class='ocrx_word' id='word_1_254' title='bbox 1399 3114 1540 3186; x_wconf 88' lang='lat' dir='ltr'>bracile</span> <span class='ocrx_word' id='word_1_255' title='bbox 1568 3114 1731 3188; x_wconf 91' lang='lat' dir='ltr'>omnino</span> <span class='ocrx_word' id='word_1_256' title='bbox 1758 3140 1840 3190; x_wconf 89' lang='lat' dir='ltr'>non</span> <span class='ocrx_word' id='word_1_257' title='bbox 1869 3116 1916 3191; x_wconf 89' lang='lat' dir='ltr'>ad</span> <span class='ocrx_word' id='word_1_258' title='bbox 1943 3118 2098 3196; x_wconf 88' lang='lat' dir='ltr'>civilem</span> 
     </span>
     <span class='ocr_line' id='line_1_25' title="bbox 352 3229 2210 3342; baseline 0 -28"><span class='ocrx_word' id='word_1_259' title='bbox 352 3241 579 3342; x_wconf 85' lang='lat' dir='ltr'>dignitatem</span> <span class='ocrx_word' id='word_1_260' title='bbox 606 3235 890 3332; x_wconf 85' lang='lat' dir='ltr'>quodammodo</span> <span class='ocrx_word' id='word_1_261' title='bbox 918 3234 1131 3331; x_wconf 83' lang='lat' dir='ltr'>augendam</span> <span class='ocrx_word' id='word_1_262' title='bbox 1156 3231 1384 3341; x_wconf 70' lang='lat' dir='ltr'>pertinebat,</span> <span class='ocrx_word' id='word_1_263' title='bbox 1412 3230 1476 3309; x_wconf 76' lang='lat' dir='ltr'>sod</span> <span class='ocrx_word' id='word_1_264' title='bbox 1501 3229 1550 3308; x_wconf 79' lang='lat' dir='ltr'>ad</span> <span class='ocrx_word' id='word_1_265' title='bbox 1566 3235 1853 3312; x_wconf 77' lang='lat' dir='ltr'>Menaenorum</span> <span class='ocrx_word' id='word_1_266' title='bbox 1877 3254 1991 3337; x_wconf 82' lang='lat' dir='ltr'>atque</span> <span class='ocrx_word' id='word_1_267' title='bbox 2018 3241 2103 3314; x_wconf 82' lang='lat' dir='ltr'>cle·</span> <span class='ocrx_word' id='word_1_268' title='bbox 2196 3331 2210 3340; x_wconf 28' lang='grc' dir='ltr'><strong><em>ι</em></strong></span> 
     </span>
     <span class='ocr_line' id='line_1_26' title="bbox 226 3345 1043 3450; baseline -0.01 -15"><span class='ocrx_word' id='word_1_269' title='bbox 226 3375 231 3391; x_wconf 90' lang='grc'><em>·</em></span> <span class='ocrx_word' id='word_1_270' title='bbox 352 3362 522 3434; x_wconf 85' lang='lat' dir='ltr'>ricorum</span> <span class='ocrx_word' id='word_1_271' title='bbox 546 3349 768 3434; x_wconf 80' lang='lat' dir='ltr'>vestimenta</span> <span class='ocrx_word' id='word_1_272' title='bbox 792 3351 983 3450; x_wconf 78' lang='lat' dir='ltr'>spectabat</span> <span class='ocrx_word' id='word_1_273' title='bbox 993 3345 1043 3445; x_wconf 79' lang='lat'>⁵).</span> 
     </span>
    </p>
   </div>
   <div class='ocr_carea' id='block_1_11' title="bbox 296 3708 2172 4051">
    <p class='ocr_par' dir='ltr' id='par_1_11' title="bbox 296 3708 2172 4051">
     <span class='ocr_line' id='line_1_27' title="bbox 450 3708 2101 3812; baseline 0.002 -22"><span class='ocrx_word' id='word_1_274' title='bbox 450 3708 713 3790; x_wconf 74' lang='lat' dir='ltr'>Praetemrissis</span> <span class='ocrx_word' id='word_1_275' title='bbox 731 3729 858 3787; x_wconf 85' lang='lat' dir='ltr'>autem</span> <span class='ocrx_word' id='word_1_276' title='bbox 874 3712 934 3789; x_wconf 87' lang='lat' dir='ltr'>his</span> <span class='ocrx_word' id='word_1_277' title='bbox 952 3708 1053 3812; x_wconf 82' lang='lat' dir='ltr'>quali</span> <span class='ocrx_word' id='word_1_278' title='bbox 1075 3711 1327 3786; x_wconf 86' lang='lat' dir='ltr'>exterioribus</span> <span class='ocrx_word' id='word_1_279' title='bbox 1348 3712 1596 3812; x_wconf 86' lang='lat' dir='ltr'>argumentis,</span> <span class='ocrx_word' id='word_1_280' title='bbox 1616 3738 1724 3791; x_wconf 88' lang='lat' dir='ltr'>nunc</span> <span class='ocrx_word' id='word_1_281' title='bbox 1739 3715 1947 3804; x_wconf 80' lang='lat' dir='ltr'>rideamus,</span> <span class='ocrx_word' id='word_1_282' title='bbox 1967 3731 2101 3793; x_wconf 81' lang='lat' dir='ltr'>utrum</span> 
     </span>
     <span class='ocr_line' id='line_1_28' title="bbox 296 3830 2101 3934; baseline 0.001 -25"><span class='ocrx_word' id='word_1_283' title='bbox 296 3920 299 3929; x_wconf 39' lang='lat'>,</span> <span class='ocrx_word' id='word_1_284' title='bbox 351 3853 389 3910; x_wconf 89' lang='lat' dir='ltr'>et</span> <span class='ocrx_word' id='word_1_285' title='bbox 404 3852 591 3934; x_wconf 90' lang='lat' dir='ltr'>quatenus</span> <span class='ocrx_word' id='word_1_286' title='bbox 617 3832 852 3905; x_wconf 74' lang='lat' dir='ltr'>huiusmodi</span> <span class='ocrx_word' id='word_1_287' title='bbox 866 3834 1037 3906; x_wconf 87' lang='lat' dir='ltr'>summus</span> <span class='ocrx_word' id='word_1_288' title='bbox 1063 3830 1191 3920; x_wconf 85' lang='lat' dir='ltr'>iudex,</span> <span class='ocrx_word' id='word_1_289' title='bbox 1215 3831 1287 3928; x_wconf 81' lang='lat' dir='ltr'>qui</span> <span class='ocrx_word' id='word_1_290' title='bbox 1305 3855 1383 3919; x_wconf 82' lang='lat' dir='ltr'>eos,</span> <span class='ocrx_word' id='word_1_291' title='bbox 1401 3833 1471 3931; x_wconf 90' lang='lat' dir='ltr'>qui</span> <span class='ocrx_word' id='word_1_292' title='bbox 1488 3833 1607 3911; x_wconf 85' lang='lat' dir='ltr'>nimis</span> <span class='ocrx_word' id='word_1_293' title='bbox 1627 3834 1926 3929; x_wconf 84' lang='lat' dir='ltr'>intemperanter</span> <span class='ocrx_word' id='word_1_294' title='bbox 1943 3851 1982 3907; x_wconf 89' lang='lat' dir='ltr'>et</span> <span class='ocrx_word' id='word_1_295' title='bbox 1997 3835 2101 3911; x_wconf 84' lang='lat' dir='ltr'>inso-</span> 
     </span>
     <span class='ocr_line' id='line_1_29' title="bbox 350 3940 2172 4051; baseline 0.001 -24"><span class='ocrx_word' id='word_1_296' title='bbox 350 3956 474 4028; x_wconf 89' lang='lat' dir='ltr'>lenter</span> <span class='ocrx_word' id='word_1_297' title='bbox 509 3947 687 4051; x_wconf 75' lang='lat' dir='ltr'>egissent,</span> <span class='ocrx_word' id='word_1_298' title='bbox 727 3950 770 4024; x_wconf 90' lang='lat' dir='ltr'>in</span> <span class='ocrx_word' id='word_1_299' title='bbox 803 3951 992 4023; x_wconf 90' lang='lat' dir='ltr'>iudicium</span> <span class='ocrx_word' id='word_1_300' title='bbox 1025 3948 1162 4045; x_wconf 88' lang='lat' dir='ltr'>capitis</span> <span class='ocrx_word' id='word_1_301' title='bbox 1190 3951 1361 4036; x_wconf 73' lang='lat' dir='ltr'>vocarit,</span> <span class='ocrx_word' id='word_1_302' title='bbox 1405 3975 1495 4022; x_wconf 89' lang='lat' dir='ltr'>cum</span> <span class='ocrx_word' id='word_1_303' title='bbox 1520 3950 1645 4022; x_wconf 89' lang='lat' dir='ltr'>totius</span> <span class='ocrx_word' id='word_1_304' title='bbox 1669 3955 1903 4025; x_wconf 85' lang='lat' dir='ltr'>Francorum</span> <span class='ocrx_word' id='word_1_305' title='bbox 1930 3940 2102 4028; x_wconf 81' lang='lat' dir='ltr'>civitatis</span> <span class='ocrx_word' id='word_1_306' title='bbox 2167 4008 2172 4037; x_wconf 75' lang='lat'>,</span> 
     </span>
    </p>
   </div>
   <div class='ocr_carea' id='block_1_12' title="bbox 204 4066 2097 4169">
    <p class='ocr_par' dir='ltr' id='par_1_12' title="bbox 204 4066 2097 4169">
     <span class='ocr_line' id='line_1_30' title="bbox 204 4066 2097 4169; baseline 0 -24"><span class='ocrx_word' id='word_1_307' title='bbox 204 4090 239 4111; x_wconf 65' lang='lat'>·‘</span> <span class='ocrx_word' id='word_1_308' title='bbox 348 4072 511 4157; x_wconf 87' lang='lat' dir='ltr'>rationi,</span> <span class='ocrx_word' id='word_1_309' title='bbox 547 4088 643 4155; x_wconf 60' lang='lat' dir='ltr'>tum,</span> <span class='ocrx_word' id='word_1_310' title='bbox 658 4070 861 4165; x_wconf 86' lang='lat' dir='ltr'>praecipue</span> <span class='ocrx_word' id='word_1_311' title='bbox 886 4067 1152 4141; x_wconf 85' lang='lat' dir='ltr'>Francicarum</span> <span class='ocrx_word' id='word_1_312' title='bbox 1176 4069 1311 4167; x_wconf 88' lang='lat' dir='ltr'>legum</span> <span class='ocrx_word' id='word_1_313' title='bbox 1336 4066 1502 4166; x_wconf 87' lang='lat' dir='ltr'>ingenio</span> <span class='ocrx_word' id='word_1_314' title='bbox 1529 4068 1749 4142; x_wconf 85' lang='lat' dir='ltr'>conveniat.</span> <span class='ocrx_word' id='word_1_315' title='bbox 1798 4069 1853 4155; x_wconf 58' lang='lat' dir='ltr'>⁴Si</span> <span class='ocrx_word' id='word_1_316' title='bbox 1878 4069 1999 4169; x_wconf 88' lang='lat' dir='ltr'>igitur</span> <span class='ocrx_word' id='word_1_317' title='bbox 2024 4071 2097 4145; x_wconf 83' lang='lat' dir='ltr'>Sis-</span> 
     </span>
    </p>
   </div>
   <div class='ocr_carea' id='block_1_13' title="bbox 347 4183 2105 4284">
    <p class='ocr_par' dir='ltr' id='par_1_13' title="bbox 347 4183 2105 4284">
     <span class='ocr_line' id='line_1_31' title="bbox 347 4183 2105 4284; baseline 0 -23"><span class='ocrx_word' id='word_1_318' title='bbox 347 4186 532 4262; x_wconf 86' lang='lat' dir='ltr'>mondius</span> <span class='ocrx_word' id='word_1_319' title='bbox 559 4186 754 4283; x_wconf 82' lang='lat' dir='ltr'>ltunmum</span> <span class='ocrx_word' id='word_1_320' title='bbox 778 4184 945 4258; x_wconf 88' lang='lat' dir='ltr'>iudicem</span> <span class='ocrx_word' id='word_1_321' title='bbox 969 4186 1086 4258; x_wconf 89' lang='lat' dir='ltr'>talem</span> <span class='ocrx_word' id='word_1_322' title='bbox 1110 4187 1282 4283; x_wconf 83' lang='lat' dir='ltr'>putarit,</span> <span class='ocrx_word' id='word_1_323' title='bbox 1321 4184 1446 4281; x_wconf 86' lang='lat' dir='ltr'>qualis</span> <span class='ocrx_word' id='word_1_324' title='bbox 1483 4184 1639 4279; x_wconf 87' lang='lat' dir='ltr'>capitali</span> <span class='ocrx_word' id='word_1_325' title='bbox 1671 4183 1863 4282; x_wconf 85' lang='lat' dir='ltr'>supplicio</span> <span class='ocrx_word' id='word_1_326' title='bbox 1895 4206 2105 4284; x_wconf 84' lang='lat' dir='ltr'>potentum</span> 
     </span>
    </p>
   </div>
   <div class='ocr_carea' id='block_1_14' title="bbox 232 4300 2102 4403">
    <p class='ocr_par' dir='ltr' id='par_1_14' title="bbox 232 4300 2102 4403">
     <span class='ocr_line' id='line_1_32' title="bbox 232 4300 2102 4403; baseline 0.001 -26"><span class='ocrx_word' id='word_1_327' title='bbox 232 4348 240 4355; x_wconf 80' lang='lat'><em>-</em></span> <span class='ocrx_word' id='word_1_328' title='bbox 347 4302 595 4378; x_wconf 77' lang='lat' dir='ltr'>insolentiam</span> <span class='ocrx_word' id='word_1_329' title='bbox 621 4323 660 4376; x_wconf 91' lang='lat' dir='ltr'>et</span> <span class='ocrx_word' id='word_1_330' title='bbox 685 4304 846 4376; x_wconf 88' lang='lat' dir='ltr'>crimina</span> <span class='ocrx_word' id='word_1_331' title='bbox 860 4303 1083 4376; x_wconf 80' lang='lat' dir='ltr'>coercuerit</span> <span class='ocrx_word' id='word_1_332' title='bbox 1107 4320 1220 4403; x_wconf 91' lang='lat' dir='ltr'>atque</span> <span class='ocrx_word' id='word_1_333' title='bbox 1247 4300 1479 4399; x_wconf 85' lang='lat' dir='ltr'>opprellerit,</span> <span class='ocrx_word' id='word_1_334' title='bbox 1506 4325 1718 4402; x_wconf 87' lang='lat' dir='ltr'>repugnare</span> <span class='ocrx_word' id='word_1_335' title='bbox 1743 4304 1896 4380; x_wconf 85' lang='lat' dir='ltr'>videtur</span> <span class='ocrx_word' id='word_1_336' title='bbox 1913 4306 2003 4379; x_wconf 88' lang='lat' dir='ltr'>huic</span> <span class='ocrx_word' id='word_1_337' title='bbox 2019 4304 2102 4379; x_wconf 78' lang='lat' dir='ltr'>sen·</span> 
     </span>
    </p>
   </div>
   <div class='ocr_carea' id='block_1_15' title="bbox 345 4419 2098 4520">
    <p class='ocr_par' dir='ltr' id='par_1_15' title="bbox 345 4419 2098 4520">
     <span class='ocr_line' id='line_1_33' title="bbox 345 4419 2098 4520; baseline 0.001 -26"><span class='ocrx_word' id='word_1_338' title='bbox 345 4422 486 4497; x_wconf 90' lang='lat' dir='ltr'>tentiae</span> <span class='ocrx_word' id='word_1_339' title='bbox 512 4423 644 4520; x_wconf 91' lang='lat' dir='ltr'>legum</span> <span class='ocrx_word' id='word_1_340' title='bbox 670 4426 905 4496; x_wconf 84' lang='lat' dir='ltr'>Francorum</span> <span class='ocrx_word' id='word_1_341' title='bbox 930 4421 1135 4520; x_wconf 81' lang='lat' dir='ltr'>ingenium</span> <span class='ocrx_word' id='word_1_342' title='bbox 1167 4440 1282 4519; x_wconf 87' lang='lat' dir='ltr'>atque</span> <span class='ocrx_word' id='word_1_343' title='bbox 1306 4422 1470 4505; x_wconf 86' lang='lat' dir='ltr'>indoles.</span> <span class='ocrx_word' id='word_1_344' title='bbox 1525 4419 1638 4518; x_wconf 87' lang='lat' dir='ltr'>Quod</span> <span class='ocrx_word' id='word_1_345' title='bbox 1662 4422 1770 4495; x_wconf 87' lang='lat' dir='ltr'>enim</span> <span class='ocrx_word' id='word_1_346' title='bbox 1794 4423 2013 4497; x_wconf 82' lang='lat' dir='ltr'>Malcorius</span> <span class='ocrx_word' id='word_1_347' title='bbox 2041 4424 2098 4496; x_wconf 88' lang='lat' dir='ltr'>di·</span> 
     </span>
    </p>
   </div>
   <div class='ocr_carea' id='block_1_16' title="bbox 342 4535 2289 4644">
    <p class='ocr_par' dir='ltr' id='par_1_16' title="bbox 342 4535 2289 4644">
     <span class='ocr_line' id='line_1_34' title="bbox 342 4535 2289 4644; baseline -0.001 -31"><span class='ocrx_word' id='word_1_348' title='bbox 342 4538 422 4628; x_wconf 83' lang='lat' dir='ltr'>xit,</span> <span class='ocrx_word' id='word_1_349' title='bbox 461 4545 696 4614; x_wconf 82' lang='lat' dir='ltr'>Francorum</span> <span class='ocrx_word' id='word_1_350' title='bbox 719 4539 824 4638; x_wconf 85' lang='lat' dir='ltr'>leges</span> <span class='ocrx_word' id='word_1_351' title='bbox 850 4562 873 4614; x_wconf 85' lang='lat' dir='ltr'>a</span> <span class='ocrx_word' id='word_1_352' title='bbox 897 4535 1118 4614; x_wconf 83' lang='lat' dir='ltr'>Neceffitate</span> <span class='ocrx_word' id='word_1_353' title='bbox 1142 4535 1254 4613; x_wconf 83' lang='lat' dir='ltr'>fuillc</span> <span class='ocrx_word' id='word_1_354' title='bbox 1279 4536 1383 4639; x_wconf 82' lang='lat' dir='ltr'>quali</span> <span class='ocrx_word' id='word_1_355' title='bbox 1407 4538 1589 4630; x_wconf 81' lang='lat' dir='ltr'>dictatas,</span> <span class='ocrx_word' id='word_1_356' title='bbox 1633 4539 1878 4619; x_wconf 79' lang='lat' dir='ltr'>aLibextata</span> <span class='ocrx_word' id='word_1_357' title='bbox 1903 4537 2102 4644; x_wconf 77' lang='lat' dir='ltr'>configur-</span> <span class='ocrx_word' id='word_1_358' title='bbox 2145 4562 2150 4571; x_wconf 90' lang='lat'><em>·</em></span> <span class='ocrx_word' id='word_1_359' title='bbox 2183 4585 2190 4592; x_wconf 94' lang='lat'><em>-</em></span> <span class='ocrx_word' id='word_1_360' title='bbox 2284 4572 2289 4587; x_wconf 92' lang='lat'><strong>·</strong></span> 
     </span>
    </p>
   </div>
   <div class='ocr_carea' id='block_1_17' title="bbox 0 0 2308 5364">
    <p class='ocr_par' dir='ltr' id='par_1_17' title="bbox 0 0 2308 5364">
     <span class='ocr_line' id='line_1_35' title="bbox 0 0 2308 5364; baseline 0 0"><span class='ocrx_word' id='word_1_361' title='bbox 0 0 2308 5364; x_wconf 95' lang='lat' dir='ltr'> </span> 
     </span>
    </p>
   </div>
  </div>
 </body>
</html>
