4590 5364
969 333 1024 353 -
1129 319 1201 388 ἰι
1273 333 1429 411 „-·.

275 511 339 573 ait:
385 487 522 585 „„iloc
550 507 593 571 att
624 505 804 580 iudicium,
835 501 924 589 quod
954 501 1017 565 tibi
1040 523 1136 564 omne
1159 524 1293 587 regnum
1314 522 1424 566 meum
1446 501 1575 567 tradidi.
1621 506 1675 567 Ex
1696 503 1760 570 boc
1781 529 1869 572 nunc
1889 509 1972 576 vade
1993 527 2052 597 et-

274 632 387 674 omnes
415 612 566 673 civitates
597 629 684 671 meas
716 621 868 690 tanquam
899 621 969 666 tuas
998 604 1146 688 proprias
1176 604 1233 666 [ub
1266 604 1315 673 tui
1346 605 1428 668 iuris
1458 605 1719 669 dominationem
1747 604 1883 677 subjice.
1928 611 2028 677 Nihil

278 713 382 786 enim,
408 710 604 773 facientibus
625 709 787 794 peccatis,
811 705 853 768 de
872 704 969 790 stirpe
991 726 1061 767 mea
1084 705 1251 779 remanlit,
1274 703 1334 766 rifi
1356 720 1394 767 tu
1416 720 1553 784 tantum,
1576 709 1633 792 qui
1654 709 1720 770 mei
1740 711 1851 777 fratris
1873 733 1908 777 es
1927 711 2025 781 iilius.
2083 720 2088 729 '

275 815 328 874 Tn
351 814 437 876 enim
460 812 574 875 haeres
595 814 631 873 iu
653 810 742 875 omni
764 829 866 894 regno
888 829 961 870 meo
984 803 1129 882 succede,
1153 808 1270 870 ceteris
1292 805 1528 872 mmoedibus
1544 806 1717 872 tactu‘ffl
1737 840 1782 857 -

361 913 416 989 tt)
440 913 510 976 Ibd.
532 933 574 995 9,
597 927 648 990 32.
673 943 713 957 -

363 1015 420 1097 22)
443 1015 517 1077 Ibd.
540 1035 581 1096 9,
608 1034 658 1077 ιι.
683 1031 734 1075 to.
759 1010 891 1097 Fredgr.
915 1009 1036 1072 Chron.
1060 1031 1088 1071 e.
1111 1023 1143 1085 7.
1165 1038 1209 1057 ···

359 1115 416 1194 ⁹3)
438 1117 569 1202 Fredgr.
595 1115 718 1178 Chron.
742 1135 770 1175 c.
797 1121 836 1190 tls
858 1129 891 1174 et
913 1135 940 1173 c.
967 1111 1017 1173 16.
1040 1141 1084 1156 —

360 1216 416 1296 c4)
440 1217 512 1280 lbd.
535 1229 588 1294 40.
612 1225 663 1295 4⁹·
706 1215 853 1277 Aimoin.
876 1229 914 1290 3,
944 1219 1113 1294 93-4,
1149 1232 1244 1275 r···
1283 1214 1438 1301 Longum
1460 1213 1504 1278 eil
1525 1213 1644 1303 singula
1668 1216 1709 1281 de
1729 1217 1953 1297 Brnpioltildis
1975 1223 2025 1284 in·
2060 1246 2065 1255 ·

273 1319 463 1383 ternecione
484 1320 625 1393 referre,
656 1337 740 1401 quae
762 1336 955 1400 quamquam
976 1311 1085 1390 iulia„
1110 1313 1192 1377 iusto
1225 1329 1332 1377 tamen
1355 1315 1517 1380 crudelior
1540 1315 1635 1381 fuisse
1667 1319 1808 1382 videtur.
1828 1349 1873 1367 -·
1926 1323 2024 1398 ,βίῃ

274 1435 393 1483 matum
423 1419 467 1482 cll
496 1441 593 1482 omne
615 1438 752 1502 regnum
774 1418 983 1490 Francorum,
1014 1413 1097 1487 licut
1116 1437 1135 1477 a
1157 1417 1268 1502 priore
1291 1414 1486 1481 chlothsrio
1509 1419 1617 1483 fuerat
1640 1417 1859 1500 dominatum,
1895 1424 2023 1488 cunctis

271 1520 429 1584 thesauris
453 1520 575 1583 ditioni
597 1517 785 1582 chlotharii
807 1514 1003 1580 subiectis.“
1025 1546 1070 1562 -

356 1773 390 1850 ι)
412 1774 547 1838 Talibus
569 1775 694 1838 scilieet
715 1771 755 1837 ad
776 1773 892 1859 populi
922 1773 1047 1836 animos
1079 1677 1137 1834 fidi
1157 1671 1428 1838 6rieconciliandds
1459 1795 1542 1860 opus
1566 1791 1635 1837 eret
1658 1776 1882 1854 orationibus,
1913 1783 2023 1865 quales
2097 1746 2128 1857 ι,

273 1877 493 1938 Guntrnmnus
515 1878 550 1938 in
574 1874 778 1938 Childeberti
800 1875 932 1959 nepotis
956 1876 1101 1937 favorem
1117 1873 1250 1936 Francis
1272 1872 1419 1937 habuiss'e
1441 1875 1572 1937 dicitur.
1590 1877 1689 1962 Greg.
1713 1879 1792 1941 Tur.
1814 1893 1846 1955 7,
1868 1889 1908 1956 8:
1931 1878 2024 1955 „Ad-

171 1984 180 1999 ‘
271 1979 344 2040 iuro
375 2000 452 2053 vos,
478 1999 497 2040 o
519 1979 584 2040 viri
608 2000 680 2038 curn
703 1977 908 2049 mulieribus,
933 1977 991 2058 qui
1013 1973 1145 2051 sdehis,
1175 1991 1215 2036 ut
1236 1974 1319 2037 mihi
1342 1975 1438 2038 iidem
1460 1977 1653 2038 inviolatam
1675 1976 1801 2041 servare
1822 1977 2016 2065 dignemini,

271 2101 331 2142 nec
354 2100 429 2154 me,
452 2094 490 2140 ut
512 2080 627 2140 fratres
651 2099 740 2139 meos
763 2099 867 2160 nuper
889 2075 1021 2151 fecistis,
1045 2077 1251 2152 interimatis,
1275 2078 1438 2161 liceatque
1460 2074 1542 2139 mihi
1564 2081 1619 2141 vel
1639 2077 1743 2143 tribus
1766 2080 1860 2142 aunis
1882 2095 2021 2166 nepotas

269 2202 370 2247 meos,
393 2181 449 2267 qui
473 2177 555 2240 milri
578 2176 726 2261 adoptivi
750 2176 829 2236 facti
851 2174 927 2237 sunt
948 2175 1010 2236 filii
1033 2176 1192 2251 enutrire,
1216 2197 1258 2237 ne
1281 2177 1367 2239 forte
1389 2176 1571 2264 contingat,
1595 2177 1683 2262 quod
1697 2179 1869 2242 Divinitas
1892 2197 2023 2246 aeterna

269 2303 336 2345 non
358 2282 519 2367 patiatur,
542 2294 581 2339 ut
603 2277 759 2338 cumillis
781 2276 925 2358 parvulis
948 2297 999 2337 me
1020 2274 1189 2338 'defuncto
1213 2275 1303 2337 sunul
1323 2277 1476 2361 pereatis,
1500 2297 1572 2338 cum
1594 2275 1635 2338 de
1657 2299 1776 2364 genere
1798 2278 1904 2343 nostro
1926 2281 2024 2344 robu·
2141 2296 2147 2305 ’

269 2381 331 2445 3⁸¹⁸
354 2405 420 2444 ¹¹⁰⁰
444 2381 565 2452 Μὴν
591 2379 646 2461 (1Πί
669 2373 852 2436 defenset.“
873 2403 918 2417 ·“
959 2373 1031 2435 lbd·
1053 2387 1095 2445 7·
1119 2388 1180 2449 332
1227 2376 1384 2448 „Deinde
1413 2399 1486 2437 eum
1510 2375 1550 2436 nd
1573 2378 1763 2439 convivium
1787 2378 2021 2459 conveniffent,

271 2481 499 2544 cohortabatur
528 2475 790 2539 Guntehranrnus
813 2495 940 2535 omnem
971 2473 1150 2535 exercitum
1173 2471 1301 2536 dicens:
1347 2473 1543 2552 „,‚Videte,
1568 2497 1587 2536 o
1610 2477 1693 2553 viri,
1725 2479 1801 2560 quio
1825 2479 1911 2542 filius
1933 2504 2031 2545 mous'

270 2578 501 2642 childebertus
526 2579 589 2637 iam
611 2577 663 2638 vir
684 2596 817 2661 magnus
848 2571 983 2635 effectus
1005 2571 1068 2650 cst,
1104 2572 1226 2650 videte,
1262 2576 1440 2648 [cavete‚]
1464 2595 1506 2637 ne
1528 2596 1601 2636 eum
1622 2599 1681 2661 pro
1704 2583 1839 2661 parvulo
1862 2579 2021 2644 babeatis.

270 2680 462 2764 Relinquite
485 2700 572 2739 nune
593 2675 818 2762 perversitates
840 2690 939 2761 atque
961 2673 1261 2760 praesumptiones,
1294 2698 1373 2762 quas
1406 2676 1588 2756 exercetis,
1621 2677 1698 2763 quia
1719 2699 1779 2742 rex
1801 2677 1862 2758 eh,
1887 2683 1941 2744 cui
1964 2705 2023 2748 vos

271 2804 361 2845 nunc
380 2781 542 2844 deservire
565 2775 761 2840 debetis.““
791 2804 836 2821 -
980 2774 985 2785 ¹
1253 2765 1265 2785 '

356 2883 391 2955 s)
412 2880 543 2967 Fredgr.
567 2877 693 2940 Cbron.
717 2900 747 2939 c.
769 2885 828 2957 42:
851 2878 910 2940 ubi
931 2877 971 2939 de
995 2875 1190 2942 Chlothario
1212 2879 1263 2941 11:
1296 2906 1365 2956 „·-
1384 2907 1429 2924 -
1447 2908 1493 2924 -
1510 2908 1556 2924 -
1576 2895 1610 2947 et
1630 2879 1823 2967 postremum
1845 2887 2019 2949 mulierum

270 2998 304 3049 et
318 2988 497 3068 puellarum
515 2978 772 3067 suggestionibus
795 2978 931 3041 nimium
954 3000 1118 3050 annuens,
1142 2979 1185 3041 ob
1208 2978 1272 3043 hoc
1287 2979 1419 3067 quidem
1434 2974 1646 3072 blasfematur
1662 3008 1682 3042 o
1698 2964 1877 3047 leudibus.“
1898 3016 1944 3033 -
1964 2988 2017 3050 Ad

271 3082 528 3167 Chronologiam
558 3081 649 3166 regui
673 3079 814 3142 liliorum
838 3094 874 3141 et
901 3095 1058 3164 nepotum
1088 3074 1313 3147 chlothariil
1343 3079 1432 3169 quod
1460 3084 1626 3168 pertinet,
1657 3085 1714 3151 cfr.
1735 3087 1783 3151 D.
1806 3087 1919 3153 Peter.
1945 3088 2019 3152 liat.

272 3189 473 3271 Temporum
493 3185 561 3248 Prs·
584 3178 635 3262 11,
659 3182 722 3246 Lb.
748 3181 813 3259 tv,
837 3202 864 3243 c.
890 3179 939 3245 16.
966 3194 1016 3258 17.
1038 3209 1083 3229 ι-

1058 3392 1149 3462 Car.
1177 3390 1244 3463 m

1103 3576 1134 3650 0.
1160 3590 1189 3637 a.

355 3716 392 3794 ι)
416 3711 485 3781 cfr.
509 3713 549 3778 de
571 3711 623 3778 bis
646 3711 795 3776 omnibus
816 3710 948 3799 Fredgr.
982 3708 1107 3775 Chron.
1130 3734 1160 3774 c.
1190 3720 1255 3793 40:
1300 3711 1448 3777 Reveriis
1470 3734 1490 3778 a
1512 3708 1707 3779 Chlotbario
1729 3736 1765 3779 re
1787 3715 1914 3782 infecta
1934 3718 2022 3804 lega·
2157 3783 2162 3794 ¹

270 3818 315 3881 tis
337 3816 582 3894 „brunichildis
605 3816 811 3901 Sigobertum
834 3813 937 3874 filiunt
960 3812 1159 3875 Theudorici
1181 3814 1216 3874 in
1239 3813 1455 3903 Thuringiam
1473 3814 1612 3892 direxit,
1636 3817 1725 3902 apud
1746 3838 1842 3902 quem
1870 3818 2020 3882 Wsmes·

272 3923 354 3981 riuos
380 3921 536 3982 Maiorem
560 3918 668 3980 domus
691 3959 806 3980 ......
837 3912 1030 3992 destinavit,
1061 3928 1240 4000 gentesque
1262 3918 1347 3977 ultra
1369 3915 1522 3980 Rhenum
1543 3918 1725 3995 attrahere,
1759 3921 1899 4004 qualiter
1920 3917 2022 3982 Chlo·

271 4020 380 4084 thario
401 4021 580 4105 potuiilent
599 4017 752 4082 relidere.
806 4012 879 4080 Post
901 4031 1026 4101 tergum
1048 4014 1228 4078 indiculum
1259 4014 1403 4094 direxit,
1431 4033 1472 4080 nt
1492 4016 1659 4082 Alboinus
1680 4039 1754 4079 cum
1776 4021 1895 4083 ceteris
1922 4022 2022 4084 War-

271 4124 398 4186 narium
420 4121 628 4184 interficeret.
673 4120 781 4206 Quem
803 4117 985 4179 indiculum
1016 4119 1171 4178 relectum
1191 4115 1358 4180 Albosinus
1380 4103 1563 4205 disruptum
1583 4121 1726 4205 proiecit
1748 4119 1784 4182 in
1807 4134 1933 4183 terram·
1964 4121 2021 4185 In·

270 4238 388 4287 ventus
410 4220 453 4284 est
474 4243 492 4283 a
514 4244 616 4306 puero
629 4221 797 4282 Warnarii
814 4217 909 4303 super
932 4216 1042 4280 tabula
1065 4238 1137 4280 cera
1159 4216 1294 4289 linitusr
1318 4217 1429 4283 denuo
1447 4218 1616 4283 solidatur.
1640 4223 1716 4306 Quo
1731 4218 1878 4286 indiculo
1899 4227 2024 4288 relecto

270 4326 464 4389 Wsrnsrius
487 4344 633 4398 cernens,
655 4320 688 4385 le
704 4325 793 4385 vitae
808 4322 989 4404 periculum
1012 4318 1144 4392 habere,
1167 4315 1312 4400 deinceps
1334 4323 1478 4398 cogitare
1499 4322 1613 4402 eoepit,
1638 4343 1699 4407 quo
1719 4340 1816 4404 pecto
1829 4320 1899 4412 filii
1926 4323 2023 4386 iber-
2097 4402 2106 4417 ·

269 4428 372 4499 dorici
396 4423 651 4504 obpremerensur
673 4439 703 4483 et
724 4443 857 4502 regnum
885 4419 1073 4481 chlothario
1095 4417 1267 4499 degeret-‘⁸
1288 4447 1334 4462 -
1352 4448 1398 4464 -
1419 4418 1490 4481 lbd.
1515 4441 1542 4482 e·
1564 4426 1624 4499 ⁴¹²
1669 4421 1902 4508 „Burgundine
1925 4425 2023 4487 Foro·

272 4550 350 4608 nes,
381 4543 447 4592 tam
478 4523 640 4612 Episcopi
666 4543 762 4610 qnam
791 4519 948 4596 Lendess
967 4520 1120 4583 umentes
1140 4515 1385 4582 Bruuichildem
1407 4534 1441 4584 et
1462 4519 1574 4596 odium
1595 4522 1631 4583 in
1653 4542 1725 4586 eum
1745 4522 1920 4600 mensa,
1952 4542 2022 4584 eam

1592 4643 1617 4714 8
