4590 5364
1064 302 1115 392 ³-
1196 347 1309 434 T'aa‘
1372 374 1425 392 -
1519 340 1529 348 ’

240 536 246 542 ’
305 603 308 607 -
355 569 467 623 ortus
494 530 603 621 suill'e
629 544 821 630 videatur,
850 542 975 639 quod
979 541 1021 613 hi
1048 555 1195 614 annum
1214 542 1432 641 legationis
1467 566 1559 615 cum
1594 565 1699 616 anno
1734 541 1934 619 electionis
1960 540 2108 618 consu·

363 667 451 741 disse
478 667 668 743 videntur.
730 670 830 736 Nam
857 686 945 734 cum
982 660 1233 733 Zacharias
1221 686 1299 732 ram
1337 653 1469 733 mense
1500 661 1647 736 Martio
1687 662 1783 733 anni
1821 685 1896 753 752
1934 681 2110 737 mortuus

363 785 468 873 esset,
498 784 654 857 seriores
681 764 913 886 legationem
939 781 1101 853 adeum
1128 804 1232 893 anno
1261 798 1335 870 75ι
1362 777 1514 850 ιιι111ιιιιι
1539 777 1648 852 flailse
1673 780 1812 852 haud
1800 798 1931 879 mepte
1959 781 2111 878 opinati
2147 801 2153 807 “

332 897 461 976 ¹sunt
475 895 508 993 ³)
568 907 701 997 Itaque
733 901 802 972 vix
836 898 998 988 dubium
1035 899 1128 984 erit,
1173 887 1267 995 quin
1298 921 1407 969 auno
1444 919 1517 989 752
1552 899 1742 995 Pippinus
1777 926 1844 972 rex
1879 905 2113 977 Francorum
2174 912 2182 918 “

363 1017 590 1101 constitutus
617 1018 797 1091 suerit.-

466 1141 532 1212 Sin
559 1162 651 1210 vero
678 1135 908 1234 quaerimus,
937 1135 1024 1232 quis
1052 1134 1170 1208 suerit
1195 1135 1261 1206 ille
1286 1135 1498 1231 Episcopus
1522 1124 1766 1223 Romanus,
1781 1139 1832 1210 ad
1867 1163 1984 1240 quem
2017 1134 2114 1212 milli

363 1259 530 1347 fuerint
527 1250 669 1354 legati,
699 1256 743 1340 in
771 1256 864 1328 duas
905 1254 1046 1327 iterum
1071 1239 1196 1349 partes
1226 1253 1425 1350 scriptores
1461 1255 1615 1326 abeunt.
1677 1256 1798 1328 Alteri
1833 1259 1939 1329 enim
1971 1260 2112 1332 Zacha-

332 1381 471 1466 riam,
494 1374 603 1447 alteri
623 1375 856 1470 Stephanum
864 1363 901 1464 ⁴)
928 1374 1149 1446 nominant
1203 1373 1237 1447 11
1263 1395 1367 1458 vero,
1395 1373 1464 1469 qui
1485 1373 1668 1485 Stephani
1693 1379 1749 1444 III
1771 1378 2000 1448 auctoritate
2026 1377 2113 1516 Pip·
2173 1376 2213 1410 ⁸
2278 1344 2283 1349 .

363 1499 502 1594 pinum
528 1497 672 1592 Regem
698 1495 861 1564 electum
887 1479 996 1564 fuisse
1022 1507 1295 1578 narraverunt,
1324 1490 1449 1564 solum
1474 1479 1740 1591 Eginhardum
1776 1492 1896 1567 secuti
1922 1492 2031 1568 fuisse
2055 1497 2114 1570 vi·

365 1619 516 1700 dentur,
545 1636 669 1748 quem,
696 1607 724 1682 fi
751 1610 917 1700 omnino
942 1634 1031 1683 vera
1057 1608 1188 1682 haberi
1213 1605 1335 1706 potest
1350 1611 1418 1682 illa
1436 1610 1593 1707 legatio,
1619 1610 1806 1684 memoria
1825 1613 1976 1706 lapsum
1993 1576 2114 1703 suisse,

363 1756 478 1807 nemo
504 1731 560 1802 rei
576 1729 722 1825 peritus
748 1722 967 1827 negabit.⁵)
1023 1729 1120 1800 Satis
1148 1729 1255 1799 enim
1279 1743 1420 1805 notum
1446 1724 1516 1814 est,
1545 1728 1686 1824 quod
1675 1714 1722 1798 ab
1745 1731 1932 1807 omnibus
1959 1733 2115 1829 scripto·
2194 1798 2200 1807 ,

282 1827 289 1839 ’
364 1832 471 1923 ribus
499 1841 792 1942 comprobatur,
828 1847 1064 1939 Stephanum
1090 1851 1161 1916 III.
1179 1846 1306 1940 ipsum
1332 1869 1438 1917 anno
1473 1845 1628 1917 demum
1656 1867 1732 1936 753
1769 1847 1812 1918 in
1846 1851 2046 1923 Franciam
2073 1851 2119 1924 ad
2184 1852 2214 1938 ᾗ

342 1961 575 2064 ¹Pippinum
599 1960 753 2049 venisse,
780 1968 1016 2035 Francorum
1043 1963 1235 2038 auxilium
1262 1982 1395 2037 contra
1420 1964 1700 2063 Longobardos
1734 1982 1950 2058 petentem,
1989 1970 2118 2067 ibique

313 2102 322 2110 ·
366 2086 541 2183 benigne
560 2101 598 2155 et
623 2079 835 2155 honorifice
870 2106 891 2153 a
926 2082 1093 2178 Pippino
1133 2094 1329 2178 receptum
1363 2106 1449 2154 non
1482 2083 1601 2154 modo
1637 2081 1871 2176 Pippinum,
1908 2087 1972 2159 sed
2003 2090 2118 2162 etiam

366 2207 447 2277 eius
474 2202 575 2274 filios
603 2201 705 2273 sacro
733 2201 931 2272 chrismate
957 2204 1078 2299 Reges
1105 2199 1272 2280 unxisse,
1302 2200 1416 2270 illum
1442 2200 1618 2296 quidem,
1657 2216 1703 2269 ut
1729 2198 1857 2273 denuo
1896 2205 2033 2300 regalis
2062 2208 2133 2279 di··
2201 2184 2220 2259 ,⁶

368 2324 494 2422 gnitas
523 2321 558 2390 ei
585 2311 883 2406 confirmaretur,
910 2320 993 2405 hos,
1021 2338 1065 2390 ιιι
1090 2319 1240 2414 paterni
1265 2318 1376 2417 regni
1401 2315 1577 2390 haeredes
1605 2334 1644 2388 et
1671 2309 1894 2391 successores
1916 2320 1994 2392 iam
2010 2348 2116 2396 nunc

367 2439 468 2540 quasi
504 2427 844 2536 designarentrrr.⁶)
909 2443 1019 2511 Hanc
1037 2438 1385 2536 igituriteratam
1417 2435 1576 2532 Pippini
1606 2435 1878 2508 inunctionem
1912 2438 1956 2511 1ιι
1990 2459 2120 2515 mente
2167 2515 2170 2518 ,

367 2556 533 2635 habuisse
560 2557 712 2631 videtur
738 2556 992 2651 Eginhardus,
1022 2579 1111 2623 eum
1138 2555 1361 2621 auctoritate
1388 2536 1571 2644 Stephani
1598 2578 1727 2653 regem
1753 2552 1900 2625 factum
1925 2554 2037 2631 fuisse
2066 2559 2121 2634 af·

350 2680 537 2752 'firmans
593 2673 706 2767 Quod
731 2692 822 2741 vero
850 2691 983 2738 omnes
1009 2682 1155 2738 veteres
1183 2683 1221 2738 et
1247 2665 1369 2737 medii
1394 2666 1478 2739 aevi
1506 2665 1705 2763 scriptores
1732 2669 1835 2740 haud
1853 2698 1990 2769 parum
2015 2677 2123 2789 saepe

214 2757 217 2760 .
274 2869 278 2872 ,
369 2791 529 2867 inlatis
558 2810 689 2887 graves
717 2808 860 2858 errores
887 2782 1052 2871 induxit,
1073 2783 1184 2856 idem
1209 2781 1476 2883 Eginhardum
1498 2808 1606 2858 nunc
1632 2783 1809 2881 fefellisse
1833 2789 2006 2879 videtur,
2042 2797 2121 2883 illa,

370 2916 542 3007 inquam,
571 2930 617 2978 ex
644 2905 722 2978 sola
756 2904 1017 2977 recordatione
1051 2902 1251 2999 praeterita
1277 2903 1574 3005 recolligendi
1565 2903 1812 2980 consuetudo.
1877 2913 2003 3005 Quam
2036 2916 2121 3008 qui·

371 3032 457 3101 dem
485 3022 801 3099 consuetudinem
827 3023 1091 3121 Eginhardum
1117 3017 1244 3094 nostro
1280 3024 1368 3096 loco
1394 3047 1437 3094 re
1471 3045 1560 3096 vera
1595 3022 1768 3097 secutum
1801 3022 1935 3116 fuisse,
1971 3026 2124 3104 sortasse

330 3232 338 3237 ⁴
370 3170 454 3220 ιιοιι
481 3145 580 3216 male
606 3141 695 3216 inde
721 3143 948 3216 concludere
977 3142 1101 3228 liceat,
1131 3141 1235 3236 quod
1262 3140 1413 3214 sicut''
1385 3166 1428 3221 11,
1455 3140 1523 3236 qui
1546 3146 1635 3213 eum
1653 3128 1774 3215 secuti
1798 3142 1899 3234 sum,
1926 3146 1980 3218 ita
2004 3151 2123 3248 Egin·

370 3247 508 3338 hardus
536 3262 616 3358 ipse
640 3288 747 3349 non,
783 3259 902 3333 nisr
890 3287 934 3333 m
970 3258 1195 3333 universum
1230 3256 1333 3357 quali
1359 3277 1397 3332 et
1421 3257 1518 3345 line
1525 3261 1604 3331 ulla
1631 3261 1857 3335 accuratiori
1891 3267 1947 3336 rei
1982 3266 2123 3366 expoli-

286 3441 290 3449 .
370 3387 480 3458 tione
506 3384 552 3455 de
577 3379 738 3476 Pippini
765 3381 951 3452 electione
986 3379 1172 3477 loquitur
1233 3384 1335 3450 Nam
1366 3401 1491 3473 neque
1527 3375 1573 3450 de
1605 3379 1793 3473 Stephani
1827 3384 1875 3455 ad
1911 3384 2124 3483 Pippinum

258 3487 272 3498 ’
373 3504 534 3587 itinere,
556 3522 696 3594 neque
723 3495 806 3569 de'
794 3497 1023 3570 rnunctione
1051 3498 1264 3606 quidquam
1290 3512 1588 3584 commemorat,
1615 3514 1653 3568 et
1677 3501 1795 3592 paulo
1822 3501 1986 3599 inferius
2025 3506 2069 3595 (l.
2096 3504 2123 3576 l

277 3695 288 3705 ,
327 3661 334 3669 ·
372 3649 410 3718 p.
441 3622 523 3715 95.)
551 3642 602 3690 ne
628 3606 791 3688 nomine
819 3615 975 3713 quidem
1011 3615 1194 3712 Stephani
1232 3613 1438 3686 nominato
1477 3615 1591 3686 dicit.
1645 3617 1862 3712 „Pippinus
1896 3633 2024 3690 autem
2057 3646 2125 3716 por

280 3790 283 3795 -
374 3739 644 3812 auctoritatem
674 3737 839 3806 Ronrani
869 3728 1068 3835 Pontificis
1096 3756 1144 3804 erc
1174 3729 1379 3830 Pruq‘ecto
1409 3733 1558 3805 Palatii
1589 3739 1674 3808 Rex
1699 3726 1969 3832 constitutus.“
2021 3739 2127 3813 Atta·

372 3885 462 3932 men
482 3851 788 3938 srAnnale'silli,
816 3876 913 3948 quos
933 3849 1155 3950 Eginhardo
1181 3848 1320 3922 tribuit
1344 3855 1411 3923 Du
1437 3852 1636 3939 chesnius,
1662 3877 1703 3923 re
1728 3875 1817 3925 vera
1836 3851 1881 3922 ab
1899 3876 1945 3925 eo
1965 3877 2125 3955 compo·
2209 3884 2213 3890 ·

375 3977 435 4050 fiti
460 3973 544 4062 fint,
577 3967 818 4072 Eginhardus
846 3969 916 4042 fibi
942 3969 1019 4066 ipse
1055 3965 1278 4067 repugnasse
1303 3969 1488 4041 videatur.
1499 3963 1534 4060 ⁷)
1598 3969 1659 4041 Ibi
1692 3968 1797 4040 enim
1823 3970 1871 4042 ad
1896 3994 1957 4044 ιιι.
1987 3994 2061 4074 749
2090 3995 2128 4052 et

376 4116 450 4184 750
480 4085 626 4165 disertis
665 4089 792 4164 verbis
822 4088 868 4162 de
902 4088 1097 4186 legatione
1124 4089 1172 4160 ad
1202 4087 1424 4160 Zachariam
1455 4085 1614 4182 eiusque
1642 4085 1844 4183 responso,
1885 4087 1931 4163 de
1969 4096 2128 4195 Pippini

375 4205 561 4284 unctione
577 4235 645 4306 per
664 4214 716 4283 St
743 4206 992 4281 Bonifacium
1018 4205 1139 4305 deque
1166 4205 1368 4279 childerici
1394 4205 1628 4303 relegatione
1655 4203 1805 4303 agitur3
1834 4207 1881 4280 ad
1907 4235 1967 4285 an.
1998 4232 2074 4304 753
2089 4230 2126 4286 et

377 4349 453 4424 754
480 4346 618 4414 autem,
639 4352 727 4400 cum
745 4325 987 4425 Pippinum
975 4351 1054 4398 ram
1080 4349 1208 4426 regem
1227 4328 1389 4399 electum
1404 4319 1516 4396 fuisse
1542 4318 1698 4411 constat,
1719 4327 1963 4424 Stephanus
1951 4356 1993 4412 ιιι
2011 4332 2125 4436 Fran·

308 4459 322 4475 ⁸
377 4452 483 4523 ciam
501 4441 641 4520 venisse
667 4462 705 4518 et
739 4446 952 4542 Pippinum
982 4442 1094 4519 simul
1123 4468 1212 4518 cum
1241 4443 1332 4518 111113
1367 4443 1496 4516 denuo
1532 4436 1671 4545 „sacra
1711 4449 1886 4522 unctione
1911 4447 1964 4517 ad
1996 4451 2128 4548 regiae

380 4567 582 4670 dignitatis
609 4560 790 4638 lionorem
825 4556 1075 4668 consecraffe“
1109 4577 1295 4634 narratur.
1358 4565 1464 4657 Quae
1498 4561 1748 4660 quomodo
1736 4565 1819 4646 ris,
1849 4584 1944 4662 quae
1970 4564 2016 4639 in
2040 4566 2129 4644 Vita
