4582 5364
1090 304 1182 361 .·-
1272 236 1334 373 ἰο
1435 307 1622 369 --,

430 483 539 560 illius
567 480 701 557 aetatis
727 473 957 554 testimoniis
982 477 1183 556 nonsatis
1210 478 1444 556 confirmata
1471 497 1583 581 atque
1608 482 1856 581 comprobata
1891 420 2069 562 videaiur
2103 483 2186 579 esse,

428 629 546 680 nemo
572 621 703 676 tamen
728 596 906 696 negabit,
943 599 1044 672 hano
1076 595 1123 672 de
1158 600 1283 698 prima
1319 601 1481 675 Maioris
1516 600 1655 677 domus
1690 602 1918 679 conditione
1955 604 2188 690 sententiam

398 727 664 797 ,Francorum
690 716 862 790 civitatis
897 716 1113 813 rationibus
1148 736 1187 792 et
1219 719 1392 820 ingenio
1414 744 1499 802 non
1535 737 1662 818 aperte
1688 718 1874 803 adversari
1908 738 1947 799 et
1983 741 2207 821 propterea„

430 863 611 942 magnam
635 834 810 913 veritatis
836 808 999 932 speciem
1024 859 1115 934 prae
1142 836 1179 919 se
1204 835 1315 912 serre.
1343 876 1397 904 -η

1246 977 1283 1068 9.
1314 997 1374 1050 ιο.

532 1104 631 1186 cum
654 1056 749 1195 vero
775 1106 874 1181 illud
900 1107 1139 1211 arrogantiae
1166 1109 1359 1208 quandam
1384 1110 1585 1211 praecipue
1605 1092 1785 1186 *iuvenili
1824 1111 1988 1213 ingenio
2021 1068 2185 1190 minime

391 1275 395 1285 ·
427 1227 755 1311 accommodatam
783 1223 953 1300 indicare
977 1229 1154 1303 videatur
1180 1229 1390 1317 audaciam,
1416 1227 1501 1328 post
1526 1232 1700 1305 viromm
1726 1226 2030 1307 doctissunonun
2054 1231 2102 1304 de
2125 1255 2185 1306 re·

427 1351 501 1425 bus
524 1346 630 1421 haud
654 1339 847 1453 leviffimia
874 1343 1022 1420 summa
1045 1369 1137 1421 cum
1162 1345 1363 1455 sagacitate
1389 1346 1575 1446 expositas
1611 1349 1828 1439 sententias,
1862 1373 1970 1424 nova
1996 1348 2184 1446 quaedam
2208 1350 2214 1359 “

287 1558 305 1570 .
414 1467 475 1543 'de
501 1465 638 1544 iisdem
663 1465 777 1546 rebus
803 1487 1038 1562 praeponere
1064 1464 1218 1548 conari,
1243 1466 1444 1568 equidem,
1470 1465 1661 1542 liverum
1686 1469 1804 1543 velim
1828 1466 1961 1571 fateri,
1998 1492 2082 1541 non
2108 1463 2184 1542 rifi

428 1587 561 1662 animo
596 1583 883 1681 quodammodo
928 1584 1162 1672 reluctante,
1198 1607 1296 1682 quae
1330 1585 1380 1658 de
1414 1585 1537 1680 prima
1573 1583 1738 1660 Maioris
1775 1585 1913 1660 domus
1946 1589 2183 1667 Franconrm

403 1701 654 1809 conditione
680 1700 853 1786 sennam,
881 1724 1073 1796 exponere
1099 1701 1314 1801 aggredior.
1367 1701 1494 1798 Atque
1519 1701 1750 1776 sententiam
1775 1727 1900 1777 meam
1924 1701 2106 1801 proferre
2130 1726 2182 1779 ne

396 1817 401 1824 ’
428 1817 549 1896 ausim
575 1819 743 1915 quidem,
771 1813 881 1887 nisa
869 1817 1014 1888 ateratis
1041 1817 1088 1887 de
1113 1818 1231 1888 huius
1256 1824 1492 1890 Francorum
1518 1814 1774 1899 ministerialis
1802 1819 1953 1919 origine
1978 1816 2183 1919 investiga·

425 1934 601 2015 tionibus
628 1935 746 2006 talem
771 1931 870 2006 mihi
897 1930 1033 2006 sensim
1066 1931 1276 2031 sensimque
1310 1936 1610 2030 compara-verim
1643 1935 1892 2024 sententiam,
1925 1937 2079 2034 qualem
2113 1962 2182 2036 op·

425 2040 668 2155 portunitate
694 2053 809 2129 semel
835 2051 962 2126 oblata
988 2051 1067 2125 iam
1090 2069 1292 2150 propterea
1323 2075 1410 2126 non
1437 2049 1635 2126 celandam
1669 2054 1906 2150 putaverim,
1941 2055 2049 2153 quod
2081 2054 2180 2130 novi
2286 2050 2290 2065 '

426 2173 607 2273 quidet,
634 2189 827 2270 quantum
862 2169 1043 2268 equidem
1075 2169 1382 2258 scio,1londum
1418 2170 1561 2245 aviris
1595 2171 1720 2246 doctis
1755 2169 1943 2270 propofiti
1976 2175 2181 2249 continere
2238 2197 2245 2209 ·

424 2292 621 2369 videatur
664 2288 901 2387 Neutiquam
926 2305 1057 2360 tamen
1082 2282 1331 2386 praestantius
1358 2287 1452 2385 quid
1478 2290 1542 2365 vel
1567 2288 1693 2386 ipsum
1717 2315 1852 2366 verum
1868 2285 2002 2367 vidisse
2021 2292 2179 2387 opinor,

222 2475 225 2485 .
342 2476 346 2483 .
423 2410 489 2486 sed
513 2408 659 2507 potius,
688 2432 784 2506 quae
808 2405 983 2494 sentiam,
1012 2407 1217 2480 doctorum
1241 2405 1418 2479 virorum
1455 2405 1623 2496 iudicio,
1659 2425 1704 2481 ut
1728 2432 1798 2506 par
1831 2395 1903 2498 ast,
1939 2406 2177 2481 subiicienda

315 2597 319 2607 .
420 2529 570 2653 putavi,
621 2527 685 2614 At,
711 2550 763 2599 ne
788 2523 883 2630 quid
908 2519 1156 2611 dissimulem,
1185 2521 1415 2618 scriptorum
1440 2520 1669 2600 testimoniis
1703 2551 1777 2600 nec
1809 2550 1939 2600 meam
1970 2549 2043 2626 ego
2084 2498 2177 2636 satia

351 2642 354 2647 ’
423 2627 651 2722 confirmare
689 2659 804 2739 atque
836 2639 956 2713 tueri
973 2636 1126 2737 polium
1159 2638 1410 2731 sententiam,
1454 2639 1519 2718 sed
1550 2641 1650 2717 mihi
1683 2665 1837 2823 quoque
1873 2644 1918 2718 in
1952 2642 2176 2719 conieonrra

401 2781 576 2854 tantum
601 2758 916 2856 acquiescendum
941 2757 1027 2833 erit.
1144 2777 1151 2817 ¹

524 2882 690 2954 Francos
716 2876 837 2976 igitur
861 2876 908 2950 ab
919 2876 1057 2964 initio
1085 2874 1240 2974 quidem
1265 2829 1378 2968 nihil,
1404 2842 1493 2952 nifi'
1505 2876 1734 2954 consitutum
1758 2874 1881 2970 fuisse,
1912 2880 2044 2978 quales
2072 2838 2204 2981 apud=

420 3016 565 3077 veteres
594 2982 816 3070 Germaniae
852 3013 985 3096 gentes
1021 2991 1196 3069 exstitisse
1233 2996 1389 3071 Tacitus
1424 3015 1554 3094 narrat
1592 2999 1735 3088 (Germ.
1761 3022 1793 3072 c.
1824 3000 1926 3091 13.,)
1959 3021 2033 3073 nec
2069 3023 2188 3090 eum,

350 3159 355 3172 ·
397 3143 539 3229 xquem
563 3139 695 3217 regem
720 3132 862 3190 vocant
887 3114 1101 3211 scriptores,
1128 3114 1260 3203 alium,
1288 3139 1409 3251 quam·
1429 3104 1571 3191 summi
1598 3116 1801 3190 comitatus
1827 3116 1936 3191 ducis
1961 3114 2175 3191 obtinuisse
2257 3165 2260 3169 -

417 3238 550 3313 lorum
577 3253 691 3333 atque
715 3234 917 3321 honorem,
944 3235 1088 3321 nullus,
1114 3250 1225 3329 puto,
1254 3229 1316 3320 est,
1344 3229 1440 3331 quin
1468 3233 1661 3307 concedat.
1723 3235 1800 3308 Hie
1838 3234 2043 3309 comitatus
2077 3257 2174 3311 vero

417 3353 565 3433 iteratis
591 3354 737 3450 saepius
763 3350 1048 3426 incursionibus
1075 3353 1286 3424 maximam
1312 3348 1391 3424 fere
1418 3332 1563 3424 Galliae
1587 3368 1736 3448 partem
1767 3354 1965 3451 propriam
1989 3350 2060 3427 sibi
2082 3354 2173 3426 vii-
2253 3349 2262 3357 ’

418 3473 582 3561 dicabat,
610 3491 649 3546 et
674 3471 741 3558 ita,
769 3494 859 3543 cum
885 3485 995 3544 antea
1018 3492 1130 3558 non,
1152 3467 1229 3545 nisi
1255 3453 1513 3566 depraedandi
1538 3485 1577 3542 ct
1613 3469 1873 3567 depopulandi
1906 3469 2016 3548 causa
2051 3466 2173 3544 liniti-

377 3569 398 3663 s
416 3613 500 3664 mas
528 3606 763 3690 pervagatus
787 3585 875 3660 effet
899 3585 1091 3687 regiones,
1119 3611 1227 3662 nunc
1254 3603 1388 3660 contra
1413 3587 1457 3660 in
1485 3584 1655 3676 firmam,
1689 3588 1803 3663 certia
1828 3578 1978 3690 legibus
2004 3606 2043 3661 et
2066 3582 2175 3660 insti·

417 3708 514 3791 tutis
541 3709 736 3780 munitam
762 3704 964 3787 civitatem
999 3703 1136 3778 sensim
1163 3701 1374 3801 sensimque
1409 3705 1728 3791 commutabatur.
1782 3713 1881 3782 cum
1905 3730 1999 3782 vero
2034 3705 2173 3778 Franci

415 3851 463 3903 ex
488 3851 567 3928 quo
593 3827 764 3937 multum
788 3818 860 3894 fibi
895 3840 1214 3920 comparaverant
1244 3847 1401 3921 agrum,
1439 3822 1553 3896 sese
1541 3825 1710 3899 invicem
1744 3822 1942 3899 beneficiis
1974 3822 2084 3896 velut
2115 3821 2171 3896 sa·

172 3941 195 4009 '.
294 3934 297 3938 ⁴
412 3964 610 4046 cremento
639 3916 934 4028 obstrinxiss'ent,
961 3935 1297 4038 ¹1l5¹¹P⁰st⁰rum
1324 3964 1479 4039 qu⁰q¹¹⁰
1506 3943 2005 4040 ωωῑᾶωωῂῳωω
2033 3942 2088 4036 (ὗ
2111 3944 2170 4034 ²)

412 4064 619 4162 antiquum
646 4068 931 4137 Germanorum
954 4080 1105 4132 morem
1139 4057 1351 4131 retinentes
1389 4057 1600 4155 quotannis
1636 4057 1803 4132 calendis
1839 4057 1994 4132 Martiis
2029 4084 2169 4135 conve·

411 4180 591 4270 niebant,
632 4199 671 4254 et
707 4176 872 4268 eundem
898 4173 1035 4249 ducem
1061 4174 1110 4247 ad
1144 4199 1266 4250 novas
1305 4173 1570 4273 expeditiones
1606 4172 1864 4251 instaurandas
1900 4175 2166 4275 sequebantur.

412 4299 518 4407 ¹Quae
554 4297 710 4395 quidem
746 4294 955 4370 conciones
991 4309 1144 4391 recepto
1180 4294 1251 4367 usu
1283 4294 1473 4394 loquendi
1512 4290 1639 4389 campi
1672 4293 1808 4367 Martii
1851 4278 2167 4370 nominabantur.

411 4419 500 4512 Quo
527 4413 793 4490 vehementius
821 4407 955 4488 autem'
975 4431 1056 4487 erat
1081 4437 1136 4500 ea,
1165 4436 1261 4511 quae
1287 4428 1594 4510 occupaverant,
1620 4411 1816 4486 retinendi
1843 4413 2064 4490 desiderium
2090 4423 2169 4484 ma·

409 4531 549 4638 iorque
575 4529 807 4610 defendendi
830 4526 1040 4619 neceffitas,
1080 4553 1159 4629 quo
1195 4530 1320 4628 magis
1357 4531 1609 4604 victoriarum
1644 4531 1755 4628 copia
1790 4556 1894 4612 nova
1921 4526 2167 4632 expugnandi
