4590 5364
1587 106 1677 153 „a

962 234 1322 376 ..e„·..

270 491 378 564 illam
405 471 661 586 quaestionem
688 481 939 558 aserioribus
975 474 1233 584 excogitatam
1270 482 1402 575 fuisse,
1439 477 1555 586 quam
1590 490 1781 589 Pippinua
1817 493 2022 572 Zachariae
2096 504 2103 511 ’
2164 558 2169 565 .

270 634 339 705 per
363 613 509 706 legatos
535 599 768 702 proposuisse
794 601 957 689 dicitur:
1021 611 1190 691 „Utrum
1215 605 1269 687 is,
1309 606 1377 704 qui
1409 610 1541 681 omnia
1566 610 1609 683 in
1636 617 1872 688 Francorum
1897 639 2018 714 regno
2092 620 2119 667 -’

271 735 450 823 procuret
463 743 587 823 atque
610 715 860 807 administret,
886 745 936 791 an
962 721 1009 806 is,
1038 724 1110 819 qui·
1131 722 1240 796 domi
1265 724 1411 813 sedeat,
1453 732 1525 799 nec
1551 730 1597 801 de
1621 728 1918 806 administranda
1950 756 2024 807 nec

264 830 319 919 ¹de
345 843 581 917 defendenda
607 837 762 910 civitate
787 863 959 934 unquam
984 841 1183 939 cogitarit,
1219 843 1337 940 regali
1370 846 1530 918 nomine
1563 845 1721 946 dignior
1756 847 1839 925 srt.“
1898 850 2020 946 quue

272 981 483 1070 propterea,
511 956 615 1055 quod
641 955 853 1053 Eginhardi
879 958 1120 1055 aliorumque
1146 961 1193 1032 de
1219 962 1448 1035 ultimorum
1473 967 1795 1064 Merovingorum
1817 967 2024 1060 imbecilli-⁴

258 1098 349 1169 ,tate
375 1075 488 1175 atque
520 1074 751 1171 impotentia
787 1076 1115 1164 narratiunculae,
1151 1078 1293 1175 quibus
1327 1077 1469 1154 scilicet
1505 1084 1626 1156 adiuti
1658 1082 1875 1160 Annalisiae
1911 1088 2023 1158 illam

273 1195 533 1298 quaestionem
552 1190 827 1281 confinxerint,
849 1193 1004 1267 veritati
1021 1197 1246 1292 neutiquam
1274 1200 1518 1273 conveniant.
1560 1201 1696 1276 Potius
1715 1202 1805 1276 odio
1823 1205 2024 1278 Merovin·
2123 1222 2128 1229 “

212 1359 218 1367 ·
272 1321 413 1415 gorum
421 1315 614 1409 inductos,
629 1310 677 1382 ad
686 1311 984 1410 Carolingorum
997 1312 1170 1389 savorem
1188 1315 1259 1388 sibi
1274 1320 1579 1414 comparandam,
1592 1319 1751 1394 seriores
1769 1321 1861 1393 talia
1878 1318 2025 1402 constu-
2049 1340 2053 1346 '

152 1472 154 1477 ·
272 1432 376 1521 xisse,
388 1457 513 1531 neque
529 1429 758 1502 ultimorum
767 1418 1089 1530 Merovingomm
1099 1434 1414 1524 imbecillitatem,
1432 1435 1460 1510 si
1476 1462 1570 1532 quae
1579 1435 1710 1526 firerit,
1731 1439 1903 1536 ipsorum
1912 1440 2021 1538 igna-
2133 1498 2136 1505 .

272 1556 358 1628 viae
367 1569 480 1648 atque
499 1548 671 1633 inertiae,
685 1546 747 1618 sed
759 1545 947 1620 infantiae
955 1567 993 1623 et
1004 1554 1117 1625 aetati
1134 1552 1669 1649 pupillarietribuendamess'e.
1683 1552 1734 1648 ¹¹)
1762 1556 1919 1631 Etiamsi
1929 1577 2022 1632 vero

181 1709 183 1713 ⁷
272 1671 405 1771 negari
413 1686 588 1765 nequeat,
599 1664 866 1764 Eginhardum
876 1667 1048 1764 aliosque
1062 1664 1292 1744 ultimorum
1301 1673 1625 1772 Merovingorum
1640 1667 1934 1749 calumniatores
1944 1674 2024 1753 for·

271 1787 358 1862 tasse
372 1788 491 1859 nimis
510 1787 633 1858 severe
651 1807 785 1855 eorum
801 1789 930 1857 'mores
941 1769 1211 1881 perstrinxisse,
1226 1783 1276 1879 ¹²)
1305 1792 1594 1864 concedendum
1610 1808 1739 1866 tamen
1757 1789 1820 1882 est,
1839 1792 1867 1867 li
1883 1794 2023 1885 verita·

270 1907 303 1977 ti
327 1931 411 1978 non
436 1905 550 2000 plane
583 1923 795 2038 repugnare
820 1904 1011 1994 velimus,
1047 1908 1164 1978 talem
1197 1906 1286 1980 sane
1318 1907 1550 1981 ultimorum
1575 1909 1912 2010 Merovingorum,
1949 1913 2022 1985 im·
2062 1996 2068 2003 ⁴

169 2016 171 2021 ’
272 2023 408 2121 primis
432 2018 637 2094 childericr
656 2025 724 2106 111,
752 2021 1020 2097 conditionem
1044 2023 1165 2112 fuisse,
1191 2026 1317 2122 qualis
1342 2025 1518 2123 Pippino
1535 2027 1646 2098 illam
1671 2025 1929 2123 quaestionem
1945 2032 2024 2103 llo·
2065 2028 2078 2037 “

134 2126 141 2153 ’
272 2165 477 2214 manorum
503 2139 693 2234 Episcopo
728 2136 1017 2218 diiudicandam
1053 2168 1270 2240 proponere
1303 2143 1469 2254 licuerit.
1496 2181 1549 2198 -
1600 2146 1703 2221 Illud
1737 2171 1829 2219 vero
1866 2120 2021 2246 gravius

272 2250 386 2335 est'et
411 2259 597 2349 maiorem
623 2255 876 2330 dubitationis
904 2261 1033 2332 ansam
1058 2254 1236 2357 praebet,
1273 2261 1378 2358 quod
1411 2286 1482 2334 nec
1518 2257 1727 2335 Anastasius
1764 2264 2021 2336 Bibliotheca·

51 2386 55 2395 “
149 2396 157 2406 ·
272 2381 363 2466 rius,
390 2403 462 2455 nee
487 2375 734 2486 Flodoardus,
762 2401 929 2472 quorum
954 2378 1017 2451 hic
1044 2377 1217 2453 sermone
1241 2375 1604 2476 poetico,¹pedestri
1639 2381 1706 2454 ille
1731 2381 1852 2456 vitam
1878 2383 2018 2454 Zacha-

271 2492 689 2591 riae‘conscripserurlt,
717 2495 928 2591 quidquam
953 2498 1001 2571 de
1026 2497 1098 2570 hac
1123 2499 1319 2596 legatione
1346 2516 1727 2591 commemorarunt,
1770 2505 1852 2572 Nec
1888 2501 2020 2574 minus

157 2613 161 2621 ’
270 2613 517 2697 memorabile
544 2610 605 2699 est,
633 2614 859 2687 Zachariam·
880 2615 924 2686 in
950 2613 1027 2687 suis
1055 2611 1222 2709 epistolis
1248 2639 1450 2710 nunquam
1484 2640 1647 2713 usquam
1680 2617 1780 2692 hane
1816 2643 1898 2691 rem
1933 2615 2022 2690 atti·

271 2733 373 2835 gisse.
428 2731 577 2830 Quibus
605 2730 760 2827 quidem
785 2757 833 2803 ex
858 2727 1024 2829 epistolis
1050 2731 1303 2828 percipimus,
1339 2733 1579 2833 Burgardum
1614 2757 1720 2807 anno
1749 2752 1821 2826 743
1858 2739 2022 2810 Romam

270 2849 436 2938 venisse3
461 2875 587 2946 neque
605 2865 735 2921 tamen
757 2866 831 2945 749
851 2851 917 2924 vel
942 2873 1013 2941 751
1033 2849 1175 2922 iterum
1198 2853 1246 2925 ad
1260 2847 1488 2924 Pontificem
1511 2854 1730 2925 Romanum
1749 2847 1880 2924 missus
1906 2849 2020 2924 fuisse

272 2973 422 3046 dicitur.
474 2967 563 3042 Pari
588 2968 705 3042 modo
744 2964 954 3041 Anastasius
990 2968 1033 3041 in
1058 2968 1140 3041 vita
1176 2969 1361 3065 Stephani
1398 2969 1552 3042 Fulradi
1587 2971 1743 3066 eiusque
1780 2969 2021 3068 legationum

272 3089 319 3165 ad
345 3087 581 3184 Stephanum
608 3087 754 3182 saepius
781 3085 1025 3161 mentionem
1048 3084 1153 3173 fecit,
1175 3086 1276 3159 hanc
1292 3104 1435 3173 tamen,
1464 3111 1558 3183 quae
1574 3084 1650 3159 fine
1667 3086 1789 3160 dubio
1804 3083 2020 3186 graviffima

271 3209 449 3283 omnium
476 3205 606 3294 fuerit,
632 3231 684 3278 ne
707 3204 826 3278 verbo
854 3205 1012 3303 quidem
1036 3205 1178 3303 attigit.
1193 3196 1243 3298 ¹³)
1297 3205 1413 3302 Quod
1437 3229 1529 3278 vero
1550 3206 1597 3278 ad
1616 3205 1843 3280 unctionem
1871 3231 1940 3303 per
1967 3211 2021 3280 St.

196 3383 203 3403 .
269 3325 514 3402 Bonifatium
538 3324 725 3434 pertinet,
753 3324 844 3413 haec
869 3341 1070 3419 propterea
1113 3321 1229 3394 dubia
1267 3340 1384 3420 atque
1411 3323 1557 3395 incerta
1587 3319 1658 3413 else
1696 3324 1876 3412 videtur}
1913 3322 2023 3422 quod
2076 3350 2086 3365 ·

270 3446 441 3543 primum
458 3468 530 3515 nec
546 3440 808 3528 willibaldus,
824 3440 1024 3515 Bonifatii
1034 3439 1150 3536 ipsura
1177 3438 1401 3554 discipulus,
1427 3463 1500 3512 nec
1526 3439 1732 3531 Othlonus,
1764 3444 1832 3540 qui
1862 3461 2024 3540 uterque
2171 3508 2176 3523 .

269 3565 392 3638 vitam
400 3560 601 3634 Bonisacii
628 3558 970 3658 consignavenmt,
994 3561 1120 3632 ullam
1146 3558 1232 3632 eiu‘s
1263 3559 1505 3631 mentionem
1529 3553 1722 3646 secenmt3
1761 3559 1899 3636 deinde
1930 3580 2023 3632 nus·

270 3705 387 3780 quam
407 3679 499 3751 alibi
524 3678 734 3775 quidquam
756 3678 973 3764 adnotatur,
991 3675 1237 3749 Bonifatium
1256 3691 1353 3749 tunc
1371 3671 1558 3775 Augustae
1578 3675 1826 3764 Suessionum,
1849 3677 1916 3748 ubi
1934 3675 2023 3772 Pip-

200 3823 203 3827 ’
268 3801 384 3901 pinus
402 3814 543 3870 unctus
562 3794 672 3870 fuisse
687 3793 842 3882 dicitur,
863 3810 1148 3866 couunoratum
1167 3790 1248 3866 else.
1261 3785 1314 3886 ²⁴)
1350 3795 1476 3893 Atque
1500 3821 1540 3868 re
1558 3821 1646 3871 vera
1666 3794 1849 3870 nonnulli
1865 3794 2025 3891 scripto·

269 3944 326 3992 res
347 3941 419 3990 nec
439 3917 484 3989 de
501 3915 663 3987 Fulrado
693 3928 731 3983 et
748 3913 975 4010 Burgardo,
1006 3936 1083 3984 nec
1105 3913 1154 3985 de
1181 3911 1389 3987 bonifacio
1424 3910 1634 4011 quidquam
1659 3929 2022 3999 commemorarunt,

268 4036 444 4121 sednon,
463 4031 535 4105 nifi
554 4033 597 4104 in
616 4029 837 4103 universum
854 4028 1017 4127 Pippini
1033 4028 1264 4103 electionem
1280 4030 1526 4104 adnotarunt.
1542 4025 1592 4120 ¹⁵)
1621 4029 1688 4102 Sin
1706 4053 1800 4103 vero
1814 4030 2022 4105 continua·
2048 4096 2053 4105 .

268 4153 364 4224 toris
390 4149 605 4248 Fredegarii
622 4143 888 4220 testimonium
899 4139 950 4237 1⁶)
979 4150 1196 4246 genuinum
1222 4146 1352 4222 haberi
1379 4143 1500 4244 possit,
1516 4140 1566 4238 ¹⁷)
1592 4146 1764 4234 neaniai,
1793 4166 1911 4246 puto,
1939 4173 2024 4222 am·

266 4269 371 4366 plius
392 4267 555 4341 dubium
577 4264 676 4353 esset,
695 4262 792 4363 quin
811 4264 877 4337 illa
897 4265 1040 4363 legatio
1060 4267 1108 4338 ad
1117 4265 1336 4344 Romanum
1353 4265 1586 4362 Episcopum
1602 4265 1804 4363 aPippino
1820 4264 1926 4342 mitta
1939 4265 2032 4345 fua.

170 4395 183 4408 “
266 4389 329 4460 rit.
354 4387 534 4458 Attamen
552 4409 636 4457 non
658 4383 873 4465 defuerunt,
887 4383 963 4481 qui
974 4382 1020 4457 de
1034 4383 1151 4457 hrrius
1171 4406 1325 4482 quoque
1344 4378 1554 4457 testimonii
1571 4381 1790 4484 integritate
1808 4380 2019 4459 admodum

267 4503 501 4584 dubitarent
528 4507 635 4578 luter
651 4502 723 4580 hos
743 4504 945 4601 praecipue
962 4492 1123 4582 caetus
1140 4504 1180 4576 le
1197 4503 1352 4588 cointe,
1368 4500 1517 4581 Natalis
1540 4495 2021 4579 mandamentum
2101 4569 2111 4588 ,
