4590 5364
954 239 1161 372 -i90
1265 313 1332 339 -ι,

267 485 484 585 ιεροιιινιι
503 483 678 583 gloriam.
733 479 837 554 Vicit
864 479 912 552 ad
937 479 1132 554 Pi'ctavam
1151 481 1316 569 urbem,
1333 471 1385 573 ¹⁶)
1417 483 1527 565 vicit·
1552 486 1598 557 ad
1626 481 1771 558 flumen
1797 482 2033 579 Birram,¹⁷)

272 603 447 703 oppressu
473 609 740 688 Maurontum,
755 593 805 691 ¹⁸)
831 618 873 673 et
898 601 1036 678 ultima
1061 602 1145 697 ¹ipsa
1179 608 1472 690 sarracenorum
1498 600 1655 703 vestigia
1695 604 1850 679 fortiter
1876 604 2031 681 delevit.
2080 572 2110 657 f
2159 588 2173 598 ’

270 729 322 799 At
347 751 396 797 ne
424 721 516 819 quid
543 721 667 793 dicam
694 721 739 791 de
767 720 894 791 Caroli
931 722 1104 792 Martelh
1116 714 1167 811 1¹³)
1196 716 1427 794 fortitudine
1461 740 1499 795 et
1533 728 1771 812 Francorum
1808 719 2035 833 constantia,

272 845 484 917 maximum
510 838 588 939 stne
616 839 734 910 dubio
763 838 1030 910 commodum
1042 865 1089 910 ex
1114 840 1213 911 his
1199 866 1245 910 tn
1267 840 1460 912 Maiorem
1489 842 1628 914 domus
1656 841 1904 913 redundabat.
1933 828 2036 916 Nam

274 964 444 1059 primum
472 960 630 1054 quidem
654 953 834 1029 Austrasti
861 974 901 1057 et
926 952 1128 1028 Neustrasii
1160 983 1286 1030 unum
1312 959 1567 1055 eundemque
1577 959 1767 1032 Maiorem
1794 961 1932 1034 domus
1968 959 2037 1034 du

278 1107 359 1153 cem
385 1078 503 1151 secuti
531 1094 664 1161 erant,
687 1100 814 1146 unum
840 1076 1019 1153 omnium
1045 1076 1169 1148 fuerat
1194 1077 1421 1172 perier-dum,
1450 1078 1554 1149 idem
1580 1096 1785 1164 certamen,
1806 1103 1884 1169 una
1912 1080 2037 1153 victo·

277 1200 344 1285 ria,
373 1216 410 1269 et
435 1199 512 1268 bell
515 1223 581 1292 um
605 1190 830 1266 intestinum
856 1195 926 1265 hac
953 1212 1088 1267 contra
1112 1200 1336 1269 Sarracenos
1360 1195 1615 1291 expeditione·-
1628 1195 1856 1272 liniebatur.
1885 1194 2037 1273 Deinde

278 1341 368 1392 vero
403 1323 641 1407 Francorum
670 1308 795 1383 animi
828 1336 847 1383 a
884 1314 1000 1391 rebus
1032 1309 1252 1387 domesticis
1282 1314 1330 1388 ad
1369 1333 1542 1388 externas
1572 1278 1904 1402 convertebantur,
1932 1312 2037 1411 quod

280 1436 423 1509 Maiori
450 1435 588 1505 domus
616 1431 803 1527 optimam
830 1427 1027 1527 potestatis
1051 1433 1210 1505 Francis·
1232 1433 1305 1506 vix
1328 1433 1585 1506 sentientibus
1611 1434 1804 1530 augendae
1830 1450 1882 1505 et
1896 1432 2036 1528 amplis

183 1534 188 1544 ’
281 1553 448 1626 ficandae
476 1551 808 1650 opportunitatem
833 1551 1046 1645 praebebat.
1101 1553 1233 1624 Tertio
1261 1551 1427 1648 denique
1454 1551 1615 1650 infignis
1641 1567 1681 1623 et
1721 1552 1870 1649 egregia
1909 1550 2036 1622 Caroli

281 1672 457 1744 Martelli
479 1671 614 1755 virtus,
644 1693 744 1764 quae·
766 1668 889 1740 adhuc
914 1669 1027 1755 nihil,
1054 1666 1128 1740 nist
1152 1661 1339 1744 terrorem
1358 1668 1537 1759 finitimis
1565 1669 1743 1769 gentibus
1770 1687 1808 1740 et
1823 1666 1913 1763 ipsts
1935 1661 2037 1739 Nsu·
2064 1763 2069 1770 ι

284 1788 413 1864 strasris
440 1790 621 1859 iniecerat
632 1840 648 1873 „
669 1810 776 1857 nunc
801 1787 943 1858 iisdem
966 1786 1127 1857 salutem·
1161 1806 1464 1883 comparaverat,
1501 1787 1582 1873 ita,
1615 1801 1662 1859 ut
1693 1788 1741 1859 ad
1776 1780 2036 1884 remotiffimas

284 1933 404 2003 usque
451 1904 636 1977 nationes:
676 1905 804 1976 denuo
840 1909 1073 1975 Francorum
1118 1904 1220 1977 fama
1253 1896 1540 2002 propagaretur.
1614 1911 1748 2001 Itaque
1789 1908 1875 1979 nort
1896 1904 2039 2006 *mirari
2141 1996 2145 2001 g

233 2062 245 2071 ·
289 2042 450 2121 oportet,
480 2021 709 2120 Gregorium
733 2027 808 2106 111,
838 2021 905 2116 qui
931 2022 1011 2093 iam
1042 2022 1155 2118 prius.
1183 2022 1456 2110 Bonisacium,
1493 2018 1680 2096 Christum
1718 2023 2036 2121 praedicaturam,

289 2144 413 2214 Ca'roli
448 2141 622 2237 Martelli.
651 2142 799 2212 tutelae
830 2134 1247 2231 commendaverat‚²⁰)
1286 2167 1399 2215 nuno·
1428 2142 1556 2236 ipsum
1595 2141 1723 2217 Caroli
1757 2141 1966 2235 amicitiam
1987 2155 2039 2211 «et
2158 2137 2162 2143 ’

287 2268 523 2334 Francorum
549 2258 737 2329 auxilium
764 2273 896 2329 contra
922 2257 1218 2345 Luitbrandum,
1246 2262 1391 2357 Regem
1415 2260 1775 2358 Longobardorum,
1808 2255 2036 2353 implorasse,
2126 2282 2129 2287 ·

289 2398 326 2452 et
351 2380 404 2450 ita
439 2383 672 2466 Francorum
705 2374 868 2445 Maioris
905 2376 1046 2447 domus·
1078 2379 1225 2448 tutelae.
1255 2375 1448 2451 ecclesiam
1490 2381 1705 2451 Romanam
1740 2367 2060 2464 commififfe.‚²¹).
2168 2423 2172 2429 -

290 2499 404 2594 Quod
430 2511 625 2589 propterea
651 2492 812 2562 maximi
838 2509 916 2562 erat
942 2494 1144 2578 momenti,
1174 2497 1280 2589 quod
1304 2494 1675 2592 posthacPippinus
1703 2514 1741 2567 et
1774 2496 1930 2567 Carolus
1951 2495 2039 2573 <Ma

289 2639 388 2714 gnus
415 2614 484 2683 hac
509 2637 612 2684 nova
638 2611 829 2680 Maiorem
855 2608 994 2682 domus
1020 2611 1123 2681 inter
1148 2628 1186 2681 et
1211 2614 1480 2694 Romanorum>
1503 2615 1744 2706 Episcopum
1771 2607 2039 2702 necessitudine

164 2744 170 2766 '
288 2734 356 2804 ille
383 2733 429 2803 ad
448 2730 643 2826 regalem,
671 2726 735 2798 hic
761 2727 809 2797 ad
844 2727 1131 2823 imperatoriam
1165 2727 1400 2827 dignitatem·
1432 2727 1504 2801 libi
1527 2728 1800 2801 vindicandam
1834 2727 2041 2824 prudenter

291 2851 506 2922 utebantur.
560 2831 739 2917 Attamen
767 2847 922 2918 Carolus
950 2871 1032 2927 non
1059 2864 1212 2926 tantum
1249 2848 1485 2921 Clericortrm
1519 2865 1557 2918 et
1593 2847 1883 2918 Monachorum
1913 2845 2041 2919 favori

246 2989 251 3000 ·
292 2963 460 3042 tribuisse
486 2963 661 3050 videtur,
691 2983 879 3059 quantum
914 2962 1028 3059 ipstus
1063 2983 1177 3059 pater·
1205 2959 1480 3060 Pippinus.²'⁴')¹
1528 2965 1772 3059 Displicebat
1806 2962 1886 3035 line
1920 2962 2040 3044 dubio

277 3085 386 3174 ⁴iorti
413 3085 577 3183 ingenio·
599 3084 722 3155 molle.
745 3083 845 3156 illud
871 3099 908 3154 et
936 3081 1105 3154 otiostun
1128 3082 1556 3156 Monachorummitae·
1581 3081 1778 3181 'degendae
1805 3107 1949 3180 genus,
1975 3105 2040 3161 ne.-
2108 3067 2115 3078 ⁰

294 3231 364 3302 que
392 3228 492 3289 eam,
517 3227 632 3298 quam
658 3201 799 3274 saeculi
822 3196 1055 3295 superstitio,
1093 3199 1334 3272 sanctitatem
1369 3200 1524 3273 Clericis
1554 3199 1731 3274 tribuisse
1759 3202 1921 3272 videtur.
1976 3203 2040 3269 In·

293 3324 521 3420 telligebat
512 3322 637 3404 enim,
660 3319 837 3389 militum
859 3316 1025 3388 suorum
1041 3314 1314 3389 fortitudinem
1335 3317 1460 3393 maius
1486 3318 1575 3392 hdei
1609 3316 1836 3396 Christianae
1871 3338 2041 3392 commo·

194 3525 199 3540 ἱ
286 3443 386 3513 dum
423 3456 461 3510 et
495 3436 646 3508 sinnius
675 3416 902 3529 praesidium
935 3430 1103 3529 parasse,
1147 3457 1285 3529 quam
1298 3436 1559 3511 clericorum
1567 3437 1785 3512 simulatam
1816 3438 1951 3510 illam
1959 3434 2040 3529 pie·

293 3574 429 3642 tatem,
458 3573 496 3628 et
521 3553 804 3625 Monachortun
829 3550 961 3625 sutiles
996 3551 1235 3647 precationes
1272 3572 1310 3626 et
1343 3573 1435 3629 vota
1469 3557 1617 3652 inepta.
1638 3593 1690 3610 -
1735 3557 1907 3630 Devictis
1947 3561 2040 3624 v‘ero
2093 3542 2096 3547 ¹

239 3677 243 3681 ’
296 3674 507 3745 Sarracanis
540 3670 708 3743 maxima
736 3669 865 3742 Caroli
890 3694 983 3741 cura
1006 3669 1051 3741 in
1077 3696 1127 3742 eo
1149 3671 1380 3760 versabatur,
1404 3693 1449 3747 ut
1474 3673 1698 3749 restituenda
1725 3674 1925 3770 disciplina
1952 3667 2042 3744 filiis

293 3814 455 3890 regnum
483 3790 737 3889 conservaret„
761 3785 871 3882 quod
892 3785 1225 3866 consentientibus·
1248 3792 1415 3890 Francis
1436 3793 1516 3888 ipse
1548 3795 1651 3866 inter
1684 3794 1786 3866 lilios
1823 3788 2044 3890 legitimum

293 3912 401 3983 velut
433 3906 739 4006 patrimonium,
784 3929 926 4003 „aequa
952 3907 1094 3980 lance“
1127 3907 1337 3985 dividebat.
1346 3903 1397 4002 2³)
1460 3917 1520 3984 De
1554 3911 1818 4010 Merovingis
1835 3910 1925 3986 iam
1940 3925 2040 3986 tunc

105 4133 108 4141 ι
186 4055 191 4061 ·
245 4030 430 4145 ..Ειειῃοὶ
454 4026 526 4124 ipfi
549 4027 625 4102 vix
643 4020 828 4123 cogitasse
846 4025 1054 4107 videntum
1075 4026 1324 4111 Theoderico
1341 4034 1402 4107 IV:
1419 4029 1528 4101 enim
1560 4029 1764 4104 defuncto
1771 4052 1886 4102 nemo
1913 4041 2042 4125 regem

294 4170 340 4219 ex
366 4149 688 4246 Merovingorum
712 4160 828 4240 gente
854 4140 1081 4217 desiderabat
1106 4163 1144 4217 et
1170 4147 1329 4218 Carolus
1351 4149 1552 4220 Martell'us'
1579 4146 1691 4235 liliis,
1719 4120 1936 4220 Maioribus
1972 4143 2040 4216 do·

292 4288 391 4350 mus,
418 4289 581 4363 regnum
606 4261 684 4337 fine
709 4286 797 4362 rege
823 4262 1064 4362 regnandum
1090 4257 1286 4361 ιεΙιιιιιιι.2
1287 4254 1324 4354 ⁴)
1376 4265 1479 4360 Quid
1506 4266 1612 4341 enim
1637 4268 1699 4341 illi
1729 4267 1853 4344 facere
1886 4286 1986 4339 non
1980 4259 2048 4334 1ι

259 4458 263 4465 ,
295 4399 389 4472 caat,
413 4384 480 4480 qui
507 4383 686 4458 omnium
703 4381 850 4459 animis
877 4382 937 4471 sui
961 4379 1257 4458 admirationem
1282 4381 1448 4457 iniecit?
1471 4419 1524 4439 ·-
