4590 5364
940 242 1034 346 „a
1123 304 1186 388 §a
1276 313 1339 348 a·

271 507 362 584 eius
381 499 480 576 iussu·
504 438 650 573 facium
673 421 789 572 suilla
813 466 987 602 putasse,
1005 514 1046 571 ιι
1057 490 1139 572 ἱιι
1148 512 1275 575 ratam
1292 489 1415 574 ιιιιιιι
1422 518 1505 574 rem
1529 516 1716 633 unquam
1748 520 1883 623 reram
1891 500 2020 579 netu
2109 580 2132 615 θ

175 673 181 686 ·
220 610 226 621 ¹
273 622 499 696 commentia
527 612 681 691 auxisse
692 636 804 715 atque
829 611 1066 693 exornasse22
1064 621 1174 711 )ι’-·
1391 638 1394 644 ·
1764 645 1769 655 -
1824 653 1827 660 -

270 862 337 949 χ’
374 855 515 957 Quodsi
542 857 833 931 continuatoris
859 853 1075 956 Fredegarsi
1105 852 1394 946 testimonium,
1422 857 1527 956 quod
1552 857 1730 956 equidem
1757 858 1935 934 omnium
1961 887 2026 938 ve·
2086 874 2090 937 ζ

144 1038 177 1053 ..
218 1056 226 1074 ,
273 975 511 1052 tustishmum
537 994 574 1047 et
599 994 800 1073 propterea
827 973 1069 1084 certissimum
1094 976 1450 1062 habuerim‚.serius
1475 979 1748 1074 interpolando
1777 973 2035 1074 depravatum*

273 1096 341 1184 stt,
369 1098 444 1169 hoc
469 1094 547 1167 stne
566 1095 692 1167 'dubio
720 1113 896 1191 tempore
917 1111 956 1166 et
981 1085 1314 1192 auctoritateipsa
1341 1096 1827 1198 carolingorum,·sortalle
1854 1101 1932 1171 iem
1958 1106 2026 1172 Ca·

172 1259 174 1263 ·
239 1314 242 1321 ⁸
275 1216 359 1288 rolo
387 1221 535 1313 Magno
562 1232 749 1303 auctore,
763 1214 910 1286 'factum
936 1212 1045 1289 fuisse
1071 1204 1347 1288 contenderim.
1409 1222 1554 1289 Nonne
1579 1216 1740 1316 cogitari
1766 1235 1866 1304 certe
1891 1213 2026 1315 potest,

257 1336 467 1420 carolum,
496 1351 698 1430 antequam
725 1348 826 1405 anno
844 1354 929 1420 ,300
957 1340 1125 1436 aLeone
1143 1338 1199 1404 111
1225 1354 1366 1406 corona
1383 1334 1639 1431 imperatoria,
1666 1345 1812 1433 praeter
1834 1336 2025 1421 omnium,

159 1460 190 1489 ·’
276 1470 321 1524 ut
346 1453 558 1539 videbatur,
587 1451 692 1546 spem
719 1468 757 1522 et
783 1436 1123 1546 exspectationem,
1152 1452 1369 1538 ornabatur,
1398 1478 1487 1526 cum
1512 1453 1701 1529 Pontifice
1725 1442 1900 1528 Romano
1928 1454 2026 1528 clam
2105 1526 2109 1531 .

278 1569 325 1641 de
351 1596 397 1643 eo
412 1568 660 1656 convenisse,
690 1587 752 1655 ut,
780 1567 808 1641 si
834 1568 901 1666 qui
927 1567 1077 1640 sortasse
1102 1570 1148 1640 de
1173 1573 1316 1644 Leonis
1345 1573 1558 1646 coronandi
1583 1574 1665 1645 iure
1691 1591 1728 1646 et
1753 1571 1934 1670 potestate
1958 1571 2028 1654 du·

265 1688 486 1762 ·bitationes
515 1706 709 1776 moveant,
744 1687 789 1760 in
824 1689 891 1761 ill'a
916 1678 1014 1762 iussu
1040 1688 1241 1762 Zachariae
1266 1673 1367 1769 sacta
1392 1691 1551 1790 Pippini
1576 1693 1807 1786 inunctione
1834 1691 2029 1788 quoddam
2088 1738 2095 1751 ·

280 1804 380 1903 quasi
407 1807 635 1900 praefidium
663 1805 866 1900 quaerant?
892 1841 947 1860 -·-
995 1797 1208 1900 Fredegarii
1234 1825 1362 1878 tamen
1389 1794 1458 1880 ille
1491 1814 1601 1884 locus
1629 1813 1744 1884 semel
1770 1808 2026 1906 interpolatus

280 1924 485 1995 serioribus
512 1921 718 1995 Annalistis
745 1921 868 2008 facile,
898 1921 1029 2018 inepte
1043 1919 1229 2018 quidem·
1246 1942 1463 2019 comparata
1490 1944 1528 1998 et
1553 1931 1653 1999 male
1681 1926 1833 2001 fortasse
1859 1927 2032 2000 adhibita
2084 1960 2090 1971 ·

176 2126 184 2141 Ι
279 2059 499 2137 temporum
525 2043 691 2126 ratione,
720 2067 822 2126 cam,
851 2064 966 2134 quam
990 2041 1151 2133 plurimi
1177 2030 1306 2112 veram
1332 2062 1440 2114 nunc
1466 2064 1655 2138 putarunt
1682 2047 1729 2116 de
1762 2046 1921 2141 Pippini
1956 2043 2029 2116 cle·
2047 2093 2070 2109 ,ι

280 2161 407 2231 ctione
432 2160 757 2249 narratiunculam
784 2158 1028 2253 excogitandi
1053 2156 1181 2225 ansam
1208 2158 1385 2249 praehere
1401 2169 1577 2252 poterat.⁴
1615 2168 1672 2233 Ita
1699 2163 1853 2232 Fulradi
1879 2181 1917 2233 et
1934 2170 2029 2233 Bur·

281 2276 389 2375 gardi
414 2277 576 2374 legatio,
605 2277 805 2347 Zachariae
832 2271 1065 2367 responsum,
1094 2277 1146 2343 St.
1174 2269 1368 2345 Bonifacii
1394 2277 1571 2353 inunctio
1600 2279 1694 2351 oriri
1720 2280 1901 2375 potuerit.
1955 2282 2029 2348 Res
2148 2298 2155 2309 ·

280 2419 348 2490 per
374 2396 411 2466 se
438 2395 584 2488 altioris
611 2392 661 2467 est
696 2393 915 2491 indaginis,
953 2407 1069 2486 quant
1095 2391 1158 2460 cui
1183 2412 1291 2481 nunc
1317 2396 1753 2471 accuratioremnavare
1778 2394 1917 2491 possim·
1940 2419 2029 2489 ope·

281 2538 374 2586 ram.
428 2514 479 2585 At
503 2513 530 2586 sl
556 2531 776 2608 temporum
800 2513 989 2582 'rationem
1016 2508 1312 2602 perpendimus,
1341 2510 1541 2582 fatendum
1568 2513 1655 2584 sane
1681 2509 1751 2600 est,
1789 2514 1957 2608 Pippino
1983 2512 2031 2583 ad

280 2654 427 2705 nomen
465 2634 616 2728 regium
650 2631 720 2701 fibi
754 2616 1033 2700 vindicandum
1069 2622 1297 2696 auctoritate
1331 2628 1398 2698 illa
1435 2625 1637 2722 apostolica
1669 2631 1739 2700 vix
1775 2654 1873 2725 opus
1911 2624 2029 2702 fuisse.

282 2757 383 2823 Nam
408 2750 609 2820 Zachariae
637 2742 883 2821 confirmatio
918 2743 1041 2821 nihil,
1077 2738 1150 2817 nist
1188 2741 1304 2816 inane
1331 2747 1523 2842 quoddam
1550 2765 1588 2818 et
1614 2748 1848 2841 superfluum
1872 2745 2031 2843 potesta·

282 2869 333 2941 tis
361 2869 438 2939 iam
466 2866 544 2938 fere
573 2848 778 2959 ccctrpatae
800 2862 923 2962 'suerit
956 2857 1193 2957 praefidium.
1255 2869 1379 2959 Caput
1413 2865 1518 2936 enim
1545 2883 1582 2936 et
1607 2866 1845 2961 principium
1870 2869 1926 2938 rei
1953 2885 2032 2938 erat

168 3067 172 3076 ¹
280 2985 765 3071 Francorumssconsensum
802 2999 839 3053 et
862 2964 1096 3079 quamquam
1131 2977 1353 3055 Bonisecius
1380 2982 1425 3054 in
1450 2983 1523 3055 side
1551 2981 1747 3056 chrifiiana
1781 2983 2031 3082 praedicanda

282 3103 498 3200 supremam
531 3104 699 3175 Romani
731 3101 933 3174 Pontificis
973 3088 1248 3172 maturitatem
1262 3103 1464 3211 praecipua
1490 3105 1843 3188 commendaverat,
1882 3104 1951 3176 vix
1976 3121 2031 3174 ta·

281 3246 373 3295 men
410 3223 608 3320 probabile
643 3219 712 3307 est,
751 3216 832 3293 eius
867 3220 1091 3293 sententiam
1126 3210 1209 3287 ia'm
1240 3234 1334 3292 tunc
1368 3221 1411 3292 iu
1446 3227 1679 3293 Francorum
1705 3223 1857 3294 animos
1883 3236 2032 3293 tantam

281 3343 367 3413 vim
402 3326 647 3430 exercuisse·
677 3347 796 3412 Porro
832 3340 1046 3410 maximum
1072 3329 1122 3406 est
1147 3336 1337 3425 dubium,
1378 3362 1428 3410 an
1469 3338 1684 3413 childerico
1711 3336 1834 3426 filius,
1872 3340 2075 3411 nomine'

241 3472 251 3481 “
284 3460 521 3546 Theoderici,
548 3485 588 3530 re
613 3482 701 3531 vera
715 3457 855 3542 fuerit.
902 3457 1096 3532 Omnium
1121 3455 1227 3526 enim
1253 3456 1503 3556 scriptorum,
1540 3484 1705 3555 quorum
1729 3459 1850 3535 libros
1879 3481 2030 3552 compa·

282 3601 365 3649 rare
391 3579 491 3648 mihi
516 3579 640 3664 licuit,
668 3602 769 3650 unus
783 3577 1063 3650 chronicorum
1074 3575 1423 3651 fontanellensium
1449 3595 1582 3649 auctor
1607 3580 1720 3650 huius
1739 3578 1811 3650 filii
1828 3574 2032 3648 childerici
2112 3629 2118 3647 .

283 3701 339 3769 111
356 3697 607 3769 mentionem
619 3695 723 3784 fecit,
752 3697 860 3768 cuius
879 3697 1257 3793 qu1denrauctor1tas
1274 3713 1481 3792 propterea
1502 3682 1585 3768 non
1611 3696 1699 3768 satis
1726 3695 1851 3794 gravis
1878 3689 1957 3763 else
1972 3714 2054 3762 vt»

282 3815 436 3901 deutur,
473 3813 577 3923 quod
602 3815 803 3887 Ludovico
829 3815 901 3887 Pio
927 3817 1082 3889 demum
1102 3797 1292 3925 regnante
1320 3804 1501 3906 vixit²³)
1553 3814 1763 3887 Deficiente
1789 3811 1894 3882 eninr
1922 3810 2032 3906 prole

278 3950 408 4008 morte
435 3916 638 4006 Childerici
663 3935 984 4041 Meiovingorum
1010 3932 1119 4032 stirps
1150 3934 1281 4032 perse
1308 3931 1526 4017 interiissem
1554 3949 1593 4004 et
1617 3946 1816 4028 propterea
1842 3926 1921 4001 stne
1945 3930 2030 4001 ullo
2108 3970 2124 4002 ·.·

285 4053 404 4124 dubio
430 4054 568 4150 melius
596 4070 693 4139 erat,
721 4052 935 4125 childerico
961 4050 1045 4149 ipso
1071 4053 1195 4126 adhuc
1220 4051 1397 4138 vivente,
1424 4072 1513 4122 eum
1538 4051 1581 4122 in
1604 4051 1771 4149 regalem
1796 4046 1922 4122 sedern
1946 4046 2033 4124 sub·

235 4196 237 4201 ·
279 4160 444 4256 llituere,
473 4173 541 4268 qui
557 4196 642 4245 non
661 4167 897 4272 dignissimus
923 4173 1055 4259 modo,
1082 4173 1148 4245 sed
1172 4165 1381 4267 aptiffimus
1399 4190 1555 4264 quoque
1581 4165 1650 4240 esse
1676 4166 1888 4261 videbatur,
1916 4184 2033 4262 quam
2136 4199 2144 4214 0

279 4286 460 4361 deinde
448 4314 491 4362 ιιι
516 4315 621 4363 novo
649 4315 736 4390 rege
756 4290 934 4390 eligendo
958 4314 1063 4365 nova
1087 4292 1259 4383 partium
1282 4287 1539 4361 contentione
1564 4293 1801 4362 Francorum
1827 4281 2033 4357 discordias

278 4401 497 4479 instaurare.
552 4416 807 4508 Quaecunque
831 4430 943 4482 vero
939 4407 1080 4482 fiterit
1091 4411 1353 4507 Pippihum
1328 4406 1372 4480 in
1398 4399 1604 4480 childerici
1628 4409 1760 4481 locum
1786 4395 2032 4483 substituendi

274 4525 381 4599 catio
408 4526 555 4614 ervia,
584 4528 632 4600 ad
655 4518 852 4603 nostram
836 4550 928 4601 rem
953 4524 1218 4602 illuſtrandam
1242 4526 1327 4601 sere
1346 4525 1603 4605 nihildscere
1625 4521 1767 4628 potest,
1788 4519 1945 4622 quippo
1969 4538 2034 4607 01¹1

262 4791 264 4799 ,
296 4763 307 4801 s
406 4761 411 4767 '
