4590 5364
992 331 994 335 ⁴
1032 336 1129 367 «···
1188 324 1236 403 ιι
1316 334 1391 382 ,a

338 517 463 613 erant,
500 539 539 597 et
571 512 756 599 virtutem
782 506 914 617 ipsa'm'
933 504 1137 593 iur'oiii'bt
1171 511 1350 593 audaciae
1384 504 1598 596 obir'or'tiani
1623 520 1747 612 fuisse}
1774 508 1859 598 nori
1886 507 1956 614 esta
1986 526 2090 626 'quod

295 732 300 740 Ι
337 646 533 720 miremur.
596 650 741 715 Verum
781 659 912 712 tamen
948 641 1117 712 neutrali
1152 639 1315 736 quadam
1349 640 1546 714 bonorum
1581 640 1827 718 consensione
1861 647 2024 718 tandem·
2051 646 2093 720 id

341 752 516 839 effectum
550 758 618 851 esi,
654 780 699 834 ut
735 759 953 857 praesertim
990 758 1034 830 in
1060 755 1208 831 Austria
1236 757 1369 830 sensam
1396 759 1604 857 sensimque
1632 756 1815 857 quaedam
1841 762 1944 862 quasi
1971 765 2091 838 factio

303 960 310 969 ,
341 886 504 957 oriretur
531 901 664 955 contra
699 879 933 965 Ebroinutn,
969 901 1064 973 quae
1102 878 1147 949 ab
1175 878 1290 950 initio
1327 878 1481 973 quidem
1505 904 1668 951 numero
1695 907 1779 952 non
1807 886 1949 971 minus,
1978 908 2094 980 quam

296 1091 299 1095 ι
338 1005 485 1077 viribus
511 1000 640 1073 tenuis
668 1017 705 1072 et
742 997 933 1083 invalida,
969 995 1024 1067 ita
1049 1015 1180 1069 tamen
1207 997 1331 1096 magis
1356 999 1556 1105 magisque
1580 998 1764 1086 increvit,
1793 1018 1856 1087 ιιι,
1885 1002 2092 1075 adiuvante

337 1126 441 1196 haud
465 1144 603 1217 parum
627 1116 791 1190 naturali
816 1114 894 1187 illa
902 1109 1183 1189 Austrafiorum
1209 1133 1248 1188 et
1271 1100 1607 1189 Neustrasiorum
1595 1104 1843 1217 ingeniorum
1870 1135 1907 1189 et
1934 1130 2091 1190 morum
2126 1148 2130 1155 ’

276 1270 283 1279 ·
338 1237 551 1315 diversitate
577 1252 689 1333 atque
701 1233 958 1331 proprietate,
986 1234 1038 1346 id,
1054 1234 1173 1333 quod
1197 1260 1281 1311 ιιοιι
1307 1233 1379 1307 nisi
1404 1223 1644 1364 singulortim
1670 1234 1754 1306 ab'
1743 1236 1865 1307 mitio
1889 1236 2092 1338 videbatur
2151 1235 2158 1242 ’

315 1341 408 1433 esse
436 1362 607 1442 conatus,
633 1379 726 1428 mox
744 1355 791 1427 ad
817 1358 970 1453 gentem
997 1372 1035 1426 et
1054 1356 1257 1427 civitatem
1272 1352 1462 1451 pertinere
1464 1353 1683 1428 videretur.
1720 1348 1966 1428 Wulfoaldus
1984 1351 2091 1424 ειιιιιι
2177 1348 2179 1353 ’

339 1477 407 1574 qui
433 1466 719 1573 Dagobert'um,
748 1497 769 1544 a
796 1471 1056 1545 Grimoaldo
1043 1499 1087 1546 ιιι
1113 1475 1340 1545 Hiberniam
1367 1472 1647 1574 relegatum,
1634 1496 1679 1543 ιιι
1705 1497 1870 1571 regnum
1886 1468 2090 1543 restituisse

338 1586 526 1684 fertur²)‚
555 1617 789 1690 quamquam
813 1593 942 1667 Maior
968 1593 1106 1665 domus
1133 1610 1231 1680 erat,
1266 1619 1348 1666 non
1375 1610 1529 1668 tantum
1554 1609 1683 1664 tamen
1711 1584 1856 1687 opibus‘
1880 1608 1918 1663 et
1943 1591 2092 1663 virtute
2193 1622 2204 1655 z

338 1714 383 1785 ad
409 1718 646 1785 Francorum
671 1711 824 1813 animos
850 1707 920 1782 fibi
944 1710 1250 1785 reconciliandos
1276 1708 1432 1786 valuisse
1456 1711 1632 1797 videtur,
1670 1728 1857 1807 quantum
1882 1688 2088 1806 Pippinus}

338 1829 536 1928 Ansegisrli
563 1847 601 1899 et
603 1832 772 1929 Beggae
798 1826 913 1911 fitius,
940 1826 1100 1921 Pippini
1125 1834 1144 1899 Ι
1170 1848 1208 1899 et
1233 1827 1383 1931 Αιιιιιιιι
1407 1852 1540 1923 nepos.
1576 1827 1736 1900 Paterna
1763 1827 1967 1924 disciplina
1985 1826 2114 1897 enim

312 1934 525 2020 'formatus
553 1964 593 2017 et
615 1962 790 2018 materna
813 1939 1061 2017 institutione
1082 1945 1183 2043 quasi
1209 1945 1399 2017 enutritus
1415 1937 1469 2036 ³),
1505 1945 1695 2041 Pippinus
1732 1947 1796 2018 avi
1831 1964 1869 2017 et
1902 1944 2095 2047 maiorum

339 2067 499 2138 virtutes
526 2087 610 2134 non
635 2039 753 2136 modo
781 2064 1003 2148 aemulatus,
1032 2064 1095 2136 sed
1114 2042 1347 2150 consecutus,
1374 2088 1457 2135 non
1475 2064 1698 2152 consecutus
1724 2060 1854 2150 modo,
1882 2063 1945 2134 sed
1970 2081 2094 2133 trans-

340 2181 478 2282 gressus
507 2182 600 2253 adeo
627 2176 739 2252 fuisse
762 2182 927 2253 videtur.
980 2187 1081 2251 Nam
1106 2178 1134 2252 si
1162 2181 1253 2275 quid
1280 2176 1348 2266 est,
1378 2180 1482 2276 quod
1508 2166 1736 2252 fortitudine
1764 2198 1803 2251 et
1826 2181 1980 2266 virtute,
2009 2181 2092 2250 ani·

339 2303 396 2372 mi
421 2298 647 2398 ingeniique
670 2299 806 2398 vigore
831 2315 869 2371 et
895 2299 1109 2386 alacritate,
1150 2295 1308 2394 consilio
1336 2315 1373 2368 et
1398 2297 1650 2392 temperantia
1687 2320 1861 2393 unquam
1890 2315 1927 2369 et
1955 2295 2094 2393 assequi

338 2438 375 2491 et
401 2413 544 2491 efficere
572 2400 713 2514 aliquis
738 2414 880 2513 potest,
913 2416 962 2501 ,id
986 2416 1051 2503 hic
1076 2415 1288 2510 Pippinus,
1315 2410 1610 2511 Heristallenfis,
1653 2413 1836 2486 assecutus
1864 2412 1914 2487 est
1940 2411 2091 2486 et'effe·

340 2537 402 2610 cit.
457 2534 630 2607 Gloriosa
655 2552 695 2606 et
719 2542 826 2632 'grata
853 2530 1153 2632 avi-recordatio
1180 2556 1262 2602 non
1289 2528 1438 2617 minus,
1476 2555 1592 2630 quam
1619 2540 1740 2626 opum
1768 2532 1878 2627 copia
1905 2549 1944 2603 et
1969 2532 2099 2627 ipim-¹

340 2657 429 2740 dor,
456 2668 610 2724 morum
635 2649 808 2744 probitas
834 2665 871 2720 et
897 2646 1011 2719 decus
1037 2628 1120 2720 ιιοιι
1146 2646 1290 2734 minus,
1319 2671 1435 2743 quam
1460 2645 1797 2763 insigneiustitiae
1824 2630 2094 2746 etmequitatis'
2124 2724 2141 2743 .

340 2766 506 2842 studium
537 2760 814 2840 Austrafiorum
847 2788 1018 2838 amorem
1043 2782 1083 2838 et
1117 2763 1294 2836 fiduciam
1327 2759 1501 2862 Pippino
1522 2766 1809 2852 reconciliavit,
1848 2767 1996 2860 tenuit,
2026 2770 2101 2839 au·'

339 2878 466 2996 xit4),
493 2886 569 2972 ita,
597 2903 642 2957 ut
668 2881 821 2959 discesso
849 2883 976 2960 evita
1002 2882 1244 2998 Wulfoaldo,
1282 2907 1366 2955 non
1392 2880 1512 2982 longa
1538 2880 1811 2957 deliberatione
1838 2903 1877 2956 et
1903 2864 2088 2978 discepta-

340 3006 448 3077 tione
474 3027 572 3100 opus
600 3001 707 3092 esset,
735 3003 821 3101 quis
849 3003 1006 3140 dignior
1030 3021 1069 3075 et
1102 2990 1230 3097 aptior
1264 3000 1308 3073 in
1333 3001 1549 3073 Wulfoaldi
1582 3004 1714 3074 locum
1747 2984 2061 3074 substitueretur³
2059 3006 2090 3093 ).

340 3129 440 3195 Eum
475 3123 579 3196 enim
615 3113 794 3196 omnium
825 3120 947 3194 animi
948 3118 1118 3222 lage
1090 3128 1129 3191 et
1153 3108 1340 3219 publica
1346 3120 1569 3219 auctoritate
1595 3114 1750 3194 ducem
1757 3120 1827 3193 fibi
1852 3117 2092 3222 propositum
2184 3096 2193 3108 ⁸

209 3274 219 3301 τ
255 3260 262 3271 ’
340 3236 659 3314 ιειιειιιειιιιιιιιιιιι
677 3239 893 3354 cupiebant,
922 3265 1037 3336 quem
1051 3240 1131 3311 iam
1156 3236 1303 3339 dudum
1328 3207 1393 3309 sua
1419 3237 1557 3335 sponte
1579 3236 1657 3311 fere
1677 3227 1950 3313 οιιιιιειιιέοιιιι
1972 3238 2089 3311 erant.

340 3366 398 3431 Ita
424 3358 545 3457 igitur
570 3347 760 3471 Pippinut
786 3353 1057 3431 Austrafiomm
1077 3357 1207 3430 Maior
1232 3330 1383 3429 domus
1394 3345 1659 3455 iligebaturfs
1647 3350 1757 3432 cuius'
1776 3358 1940 3430 tutelam
1966 3346 2090 3428 Theo-

342 3476 460 3548 derici
494 3475 745 3573 impotentiae
779 3494 817 3547 et
849 3473 1013 3549 Ebroini
1051 3475 1266 3548 crudelitati
1302 3491 1414 3570 atque
1439 3468 1604 3549 furori
1591 3501 1669 3547 ram
1694 3469 1790 3549 tunc
1815 3474 2087 3572 praeferebant.

343 3593 549 3666 Interfecto
577 3595 682 3664 enim
708 3583 988 3693 Dagoberto⁶,)
1015 3591 1190 3666 Austrasri
1216 3591 1442 3664 Theoderici
1469 3611 1506 3665 et
1540 3595 1747 3668 Ebroini'
1736 3595 1941 3689 imperium
1968 3586 2090 3661 neuti-

344 3736 458 3806 quam
484 3709 752 3830 perferendum
777 3710 976 3811 putabant,
1004 3730 1041 3782 et
1066 3709 1235 3821 Pippino
1263 3708 1358 3781 duce
1383 3735 1455 3806 pro
1477 3712 1654 3783 libertate
1680 3712 1903 3810 sanguinem
1929 3705 2090 3801 profun·
2106 3709 2111 3714 ’

280 3818 284 3825 ’
344 3831 440 3917 dere,
468 3853 584 3925 quam
609 3806 784 3900 libertate
801 3853 925 3902 carere
950 3829 1182 3901 malebant.
1207 3824 1339 3926 Pugna
1365 3828 1462 3900 inita
1489 3846 1616 3936 tamen
1642 3826 1913 3939 Austrasrorunr
1940 3840 1977 3894 et
2002 3823 2090 3917 Pip-

343 3949 440 4041 pini
454 3944 645 4020 fortitudo
661 3943 835 4019 Ebroini
851 3926 1034 4017 ιιιιιιιι
1008 3946 1234 4055 victoriam,
1244 3944 1418 4020 adversa'
1427 3926 1524 4020 line
1532 3947 1651 4019 drib'io
1676 3920 1864 4029 fo'ituna,
1888 3939 2092 4014 concedere

249 4092 257 4107 ·
345 4081 473 4138 coacta
498 4059 646 4157 erat⁷).
703 4060 863 4138 insolita
899 4060 1044 4138 scilicet
1075 4050 1194 4137 nimia
1220 4082 1259 4138 et
1282 4086 1385 4138 nova
1411 4072 1490 4137 erat
1514 4067 1617 4135 haec
1628 4043 1833 4167 pugnandi
1858 4060 1987 4147 ratio,·
1996 4068 2100 4130 ne'c

345 4206 539 4255 armorum
576 4207 695 4281 aequa
732 4181 937 4256 ιοιιιιιιιο.Ι
987 4183 1175 4281 Quamvis
1207 4208 1300 4257 vero
1339 4185 1431 4256 haec
1454 4160 1622 4257 Ebroini
1656 4181 1819 4255 victoria
1845 4173 2090 4250 ιιιιιιιιιιιιιιιιι
2154 4237 2161 4249 .

344 4298 538 4374 Austrafiis
565 4298 784 4377 futuromm
809 4301 1047 4401 praesagium
1071 4319 1173 4390 erat
1198 4301 1358 4399 Pippini
1383 4308 1511 4373 tamen
1538 4301 1685 4390 virtus,
1722 4325 1800 4400 quo
1826 4293 2090 4372 vehementior

227 4507 231 4515 Ἴ
346 4420 546 4491 exardebat
571 4421 737 4494 Ebroini
761 4417 889 4509 furor,
912 4444 972 4494 eo
998 4419 1120 4521 magis
1118 4418 1341 4495 bonorum
1367 4421 1516 4495 animos
1543 4419 1588 4492 in
1585 4421 1732 4527 spent
1746 4438 1784 4493 et
1808 4411 1985 4490 fidutiam
2012 4432 2088 4480 ere·

344 4526 462 4630 xit⁸)
521 4519 645 4640 Atque
680 4555 786 4614 tanta
822 4532 910 4614 erat
934 4539 1095 4636 Pippini
1130 4536 1233 4611 fama
1266 4553 1305 4612 et
1330 4536 1575 4627 desiderium,
1612 4552 1658 4614 ut
1681 4566 1730 4616 ex
1756 4522 1844 4636 ipsis
1870 4523 2087 4602 Neusttffiis
