4590 5364
942 297 1033 333 ·-
1092 299 1184 371 aa
1270 317 1339 387 ,-

198 576 202 585 ¹
288 515 349 563 ma
375 501 529 587 capere,
548 509 711 583 eumque
737 456 826 558 cum
852 475 1022 571 amicis,
1026 482 1081 571 ,in
1110 484 1219 557 Cotia
1244 480 1362 558 filva“
1388 483 1582 560 devictum
1606 481 1634 564 ιι
1659 511 1744 564 non
1768 438 1884 578 vita,
1904 486 2031 565 Maio·
2103 564 2115 585 ,

253 604 342 682 xris
371 611 508 681 domus
537 605 724 704 dignitate
747 621 849 675 certe
876 603 1036 737 privare.
1051 600 1084 694 1)
1138 602 1377 676 Theodoaldi
1403 602 1569 676 infantia
1594 607 1700 679 enim
1723 609 1921 704 optimam
1926 631 2033 703 prae·

289 728 401 802 bebat
426 720 642 796 Neustrafiis
679 703 1034 816 opportunitatem,
1072 722 1314 795 reconditum
1349 722 1470 795 adhuc
1501 741 1637 796 contra
1673 724 1867 821 Pippinos
1899 716 2039 798 odimn

289 866 520 939 expromere.
574 841 709 941 Deleta
733 857 863 911 autem
889 857 1003 937 gente
1028 841 1283 935 Pippiniana,
1309 841 1411 925 nihil
1437 840 1633 936 antiquius
1667 844 1880 936 putabant,
1917 827 2033 940 quani
2122 900 2127 908 .

239 943 241 946 ’
288 963 432 1043 cladem
459 977 496 1030 et
520 957 782 1056 ignominiam
816 958 864 1034 ad
890 957 1147 1045 Textricium,
1182 959 1350 1053 Pippino
1385 957 1500 1046 duce,
1536 959 1581 1031 ab
1606 955 1798 1032 Austrasris
1841 977 2033 1055 acceptam
2144 941 2146 944 ‚

170 1106 190 1138 ·
246 1122 248 1127 -
286 1079 481 1150 vindicare
517 1094 629 1173 atque
671 1099 853 1176 reparare.
904 1075 968 1161 At,
995 1100 1045 1149 ne
1075 1077 1176 1150 <duae
1214 1072 1375 1151 distituti
1411 1094 1553 1149 temere
1586 1094 1625 1150 ea
1658 1077 1881 1150 inconsulto
1907 1099 2030 1155 novas

253 1244 256 1254 ·
284 1196 355 1269 fibi
382 1194 614 1268 calamitates
641 1189 713 1288 ipsi
740 1180 1016 1290 compararent,
1043 1193 1316 1292 llaginfridum
1340 1193 1534 1267 Maiorem
1560 1195 1697 1279 domus
1726 1191 1799 1298 ⁸libi
1823 1194 2031 1292 eligebant,

147 1332 150 1338 ’
288 1313 368 1409 qui,
395 1313 617 1412 Dagoberto
643 1310 700 1382 ΙΙΙ
735 1309 940 1401 defrmcto,
958 1303 1191 1386 'Nerrsrrafiis
1229 1311 1558 1392 consentientibus
1591 1312 1814 1397 Danielem,
1849 1309 2030 1384 clericum

287 1430 502 1526 quendam,
528 1446 574 1502 ut
600 1428 770 1505 referunt
795 1431 985 1519 Annales,
1011 1422 1115 1530 regia
1132 1430 1342 1529 *dignitate
1380 1430 1562 1516 ornabat,
1589 1454 1775 1527 eumque,
1800 1445 1846 1500 ιιι
1869 1428 2029 1502 nomine
2140 1458 2142 1462 ·

83 1562 92 1587 ‘
196 1600 199 1606 a
287 1565 386 1621 certe
412 1549 736 1646 Merovingprum
762 1549 869 1655 genti
894 1568 1081 1649 cognatus
1116 1545 1185 1660 elle
1220 1548 1433 1637 videretur,
1470 1548 1729 1644 chilpericum
1756 1549 1830 1638 (ΙΙ)
1867 1545 2029 1642 appella·
2141 1630 2149 1638 .

191 1714 193 1722 ι
287 1664 362 1755 bat.
378 1657 441 1755 2).-
464 1666 592 1741 Simul
617 1665 847 1741 Radbodum
873 1668 981 1755 olhn,
1006 1667 1129 1741 cladis
1146 1667 1176 1740 ssa
1210 1667 1379 1764 Pippino
1398 1683 1587 1762 acceptae,
1621 1690 1729 1746 nunc
1751 1664 1946 1761 vindictae
1971 1661 2032 1735 so·

283 1782 389 1874 cium
414 1799 452 1854 et
477 1781 719 1876 participem,
739 1780 897 1856 'foedere
923 1782 993 1855 fibi
1019 1776 1335 1880 adiungebant.³)
1387 1789 1446 1856 Ita
1470 1784 1591 1880 igitur
1617 1772 1810 1860 austrafiis
1831 1781 1918 1854 satis
1934 1795 2029 1852 ‘mtr-
2101 1768 2104 1777 ¹

285 1904 408 1994 gnum
432 1894 593 1973 instabat
618 1900 854 1993 periculum,
877 1899 987 1995 quod
1013 1898 1159 1973 etiamsi
1190 1899 1359 1995 naturali
1392 1916 1431 1972 et
1470 1898 1572 1996 quasi
1608 1900 1766 1994 propria
1799 1896 2032 1972 fortitudine
2081 1891 2085 1900 ’

213 2049 216 2066 ·
284 2013 397 2086 facile
419 2033 590 2090 avertere
614 2013 836 2111 potuissent,
864 2034 1010 2114 quanto
1035 2018 1158 2116 magis
1184 2034 1314 2090 tamen
1341 2016 1421 2089 dux
1446 2014 1742 2096 desiderabatur,
1779 2032 1890 2089 tanto
1919 2015 2032 2090 vehe·
2157 2046 2159 2059 ·

283 2130 452 2203 ιιιιιιιιιιιι
478 2114 613 2230 ingere
638 2132 850 2204 videbatur.
903 2139 951 2205 In
977 2152 1086 2206 tanto
1113 2159 1205 2206 vero
1228 2132 1475 2219 discrimine,
1525 2156 1612 2202 cum
1638 2128 1884 2204 Neustrafii
1871 2157 1950 2205 ram
1984 2132 2031 2206 ad

281 2249 434 2320 Mosam
471 2272 592 2345 usque
629 2248 792 2322 fluvium
817 2267 1092 2347 proruperant,
1130 2274 1258 2324 novus
1291 2243 1487 2322 lustratis
1518 2249 1707 2321 libertatis
1743 2248 1824 2321 fere
1860 2252 2030 2344 perditae

281 2346 815 2462 vindex,fortill1mus·dux
848 2387 997 2463 praeter
1034 2361 1213 2440 omnium
1237 2367 1351 2462 ,spem
1385 2382 1423 2438 et
1455 2366 1778 2461 exspectationem
1812 2368 2028 2463 apparebat.

278 2489 372 2596 ¹Erat
398 2484 432 2555 is
458 2481 563 2556 silius
589 2485 750 2581 Pippini
777 2481 1062 2572 Heristallensrs,
1091 2485 1260 2570 Carolus,
1273 2562 1276 2566 ,
1289 2482 1357 2579 qui
1383 2507 1404 2555 a
1428 2474 1870 2571 noverca'„Plectrude,
1906 2484 2031 2559 adhuc
2134 2544 2163 2562 ..

183 2623 185 2626 ⁴
283 2603 327 2673 in
354 2602 523 2676 vinculis
549 2619 740 2687 retentus,
761 2603 934 2696 denique
961 2602 1086 2676 salvus
1118 2597 1236 2673 evasit
1270 2617 1309 2672 et
1342 2601 1390 2671 ad
1416 2619 1589 2706 paternas
1625 2600 1728 2675 sedes
1766 2599 1937 2674 resersus
1964 2603 2029 2675 de·
2137 2646 2142 2652 —

134 2735 137 2745 ⁴
279 2715 412 2795 milles
444 2719 518 2794 iam
558 2713 832 2795 Austrasrorum
864 2719 1016 2794 animos
1052 2717 1099 2789 ad
1141 2741 1263 2797 novas
1306 2715 1436 2796 salutis
1485 2717 1587 2815 spes·
1606 2717 1783 2815 erigebat
1803 2707 1840 2810 ⁴)
1895 2720 2027 2817 Qualis

211 2850 216 2865 ‘
283 2837 390 2912 enim
421 2834 469 2909 in
494 2834 607 2907 rebus
634 2835 824 2930 prosperis
850 2835 1114 2924 moderatio,
1101 2862 1145 2910 ιιι
1172 2832 1331 2912 adverfis
1358 2832 1580 2922 constantia,
1607 2835 1776 2933 qualis
1763 2860 1807 2908 ιιι
1833 2837 2027 2932 republica

281 2948 574 3032 administranda
593 2954 856 3049 prudentia,
844 2979 889 3028 ιιι
916 2955 1027 3027 bellis
1054 2956 1227 3053 gerendis
1254 2952 1443 3029 fortitudo
1468 2954 1636 3050 Pippino
1663 2948 1912 3031 Heristalleufi
1943 2951 2028 3029 fue·
2046 2949 2054 2959 ’

280 3087 361 3158 ιιι,
367 3070 485 3156 talis
520 3094 629 3167 nunc
653 3071 793 3146 iterum
821 3072 864 3146 in
890 3072 1029 3149 Carolo
1055 3073 1177 3146 eluxit
1209 3090 1249 3147 et
1273 3089 1430 3168 paterna
1465 3096 1636 3169 quaeque
1661 3073 1784 3148 virtus
1821 3058 1910 3146 cum
1943 3052 2087 3164 filio,

283 3143 386 3290 quasi
410 3154 586 3270 revixisse
620 3191 832 3272 videbatur.
894 3191 1085 3289 Quamvis
1118 3192 1224 3264 enim
1258 3189 1305 3262 ab
1339 3189 1457 3264 initio
1493 3186 1668 3271 Λιιιιιιιιιι
1703 3193 1840 3263 carolo
1877 3189 1990 3265 duce
1991 3186 2057 3289 li

284 3331 368 3384 non
395 3331 484 3380 cum
509 3306 676 3390 adversa,
704 3305 821 3383 dubia
858 3325 956 3382 certe
981 3326 1021 3382 et
1046 3307 1227 3406 ambigua
1253 3307 1410 3384 fortuna
1443 3325 1577 3383 contra
1596 3301 1824 3382 Neustrafios
1846 3304 2027 3408 pugnasse

281 3418 523 3516 videntur,⁵)
549 3425 714 3529 victores
749 3440 879 3506 tamen
917 3425 967 3498 ad
1005 3415 1281 3519 amblavam&
1308 3441 1348 3498 et
1381 3426 1429 3498 ad
1462 3419 1732 3516 vinciacum7)
1772 3425 1884 3499 omni
1915 3424 2027 3526 laude

281 3539 485 3639 dignissimi
512 3540 746 3632 exstiterunt,
774 3561 812 3616 et
837 3541 947 3623 ficati
973 3544 1069 3623 olim
1094 3544 1285 3640 Pippinus
1319 3538 1402 3638 post
1425 3543 1619 3639 proelium
1656 3542 1935 3631 Textriciense,
1969 3544 2025 3617 ita

279 3682 388 3739 nunc
412 3656 495 3755 post
520 3686 693 3760 pugnam
718 3658 1008 3740 Vinciacensem
1038 3661 1202 3733 Carolus
1238 3659 1358 3733 totius
1383 3656 1463 3736 fere
1496 3659 1607 3759 regni
1638 3647 1873 3735 Francorum
1906 3661 2026 3758 impe·

280 3778 382 3857 rium
409 3776 620 3867 obtinebat
632 3771 666 3871 ⁰)
721 3776 862 3876 Quodsi
890 3778 1017 3851 Caroli
1043 3774 1309 3858 conditionem
1334 3778 1491 3863 cumea
1525 3779 1888 3874 comparaverimus,
1929 3803 2026 3881 quae

279 3894 426 3968 Maiori
453 3895 590 3976 domus
615 3913 789 3992 tempore
812 3895 972 3993 Pippini
1008 3890 1281 3974 Heristallensn
1314 3893 1460 3984 fuerat,
1495 3896 1609 3971 facile
1645 3898 1898 3993 reperiemus,
1924 3896 2026 3973 inter

197 4052 200 4057 .
281 4028 482 4110 utramque
507 4012 588 4088 fere
612 4014 714 4093 nihil
738 4011 921 4089 interelle.
986 4013 1143 4092 Carolus
1157 4067 1161 4074 -
1177 4011 1287 4091 enim
1320 4030 1400 4091 erat
1435 4038 1484 4087 ex
1506 4030 1638 4149 gente
1657 4008 1907 4110 Pippiniana,
1943 4006 2029 4093 erat

215 4204 220 4211 ,
279 4128 400 4209 totius
427 4133 536 4231 regni
560 4133 690 4215 Maior
716 4133 865 4221 domm,
891 4131 1046 4208 tenebat
1071 4130 1264 4204 summum
1288 4116 1478 4210 exercitus
1503 4129 1729 4226 imperium,
1763 4130 1811 4203 ad
1836 4133 2026 4221 vitreus·

165 4246 168 4251 ⁵
250 4269 354 4344 ¹que
375 4242 497 4327 linem
521 4275 679 4333 munere
705 4250 879 4348 suscepto
905 4246 1139 4349 fungebatur
1164 4265 1214 4336 et,
1241 4249 1370 4345 quod
1376 4265 1456 4322 erat
1487 4272 1639 4323 novum
1671 4246 1912 4346 potestatis
1899 4269 2023 4322 more·

278 4379 478 4450 mentum,
512 4363 730 4442 Neustrasiis
756 4393 840 4443 non
867 4367 988 4443 suum
1003 4366 1176 4464 ipsorum
1212 4364 1405 4448 Maiorem
1442 4366 1601 4456 domus,
1636 4383 1681 4439 ut
1707 4369 1802 4444 olim
1834 4364 2022 4463 Pippinus
