4590 5364
1065 360 1424 430 ..38-

363 569 429 614 rex
456 541 537 638 ipse
563 535 672 614 fuiffe
697 537 868 630 videtur,
897 543 1001 639 quod
1027 543 1231 641 permultis
1255 544 1379 635 locis,
1413 543 1442 620 sr
1475 572 1559 627 non
1591 549 1738 647 semper
1763 547 1935 651 expressis
1963 557 2119 654 quidem

362 664 510 749 verbis,
530 677 709 733 accurata
736 677 865 734 tamen
891 661 1211 758 interpretatione
1236 665 1432 754 adhibita,
1467 665 1672 743 indicatur.
1734 671 1833 744 Ab
1820 672 1936 751 mitio
1964 673 2120 772 quidem

288 884 293 889 Ι
363 779 439 854 sure
465 768 545 852 ullo
574 779 694 850 dubio
721 803 787 850 rex
813 781 891 876 ipse
917 784 980 853 vel
1007 782 1084 854 dur
1110 789 1344 856 Francorum
1369 808 1550 883 agrorum
1577 805 1852 884 occupatorum
1879 789 1981 890 quali
2001 793 2120 866 admi·

361 897 537 972 nistrator
563 896 649 969 suit.
713 903 856 970 Nonne
884 899 990 971 enim
1017 901 1220 974 comitatus
1248 903 1306 989 ei,
1346 929 1460 1000 quem
1497 905 1632 977 ducem
1656 906 1808 979 'secutus
1836 929 1934 997 erat,
1969 927 2120 984 tantam

361 1000 539 1090 tribuerit
564 1015 762 1104 fiduciam,
791 1034 835 1088 ut
862 1042 996 1117 agrum
1023 1022 1252 1116 occupatum
1280 1020 1590 1117 ἆὶιειιιιυιηᾶυιι
1617 1042 1657 1096 et
1682 1023 2024 1101 administrandum
2051 1031 2118 1103 sua

156 1188 159 1197 =
252 1188 255 1194 -
362 1141 496 1234 sponte
532 1135 568 1207 ei
603 1135 867 1210 commiserit?
891 1174 944 1193 ·—
1006 1144 1106 1211 Nam
1141 1141 1566 1219 tum-demum,alium
1592 1142 1700 1215 Fisco
1727 1143 1962 1243 praefectum
1989 1142 2120 1220 substi-

362 1276 469 1329 tuere
484 1250 597 1367 vquaii
625 1255 748 1327 coacti
769 1254 923 1328 fuerint
948 1259 1096 1346 Franci,
1125 1283 1213 1330 cum
1240 1283 1306 1364 reat
1334 1259 1414 1356 ipse
1440 1261 1501 1333 illi
1526 1258 1685 1334 fiduciae
1710 1286 1793 1337 non
1820 1265 1985 1360 amplius
2013 1264 2118 1340 satis·

361 1372 692 1469 feciffecoeperit.
747 1375 798 1483 At
825 1373 870 1447 de
896 1376 967 1448 hac
993 1401 1035 1447 re
1059 1377 1168 1448 nulla
1191 1378 1308 1472 plane
1334 1374 1492 1476 vestigia
1518 1375 1684 1465 exstant3
1723 1379 1787 1453 sed
1812 1382 1944 1478 potius
1973 1408 2040 1455 rex
2067 1384 2119 1457 se-

362 1497 455 1566 riori
483 1514 635 1595 qnoque
661 1510 835 1590 tempore
861 1494 959 1566 Fisci
986 1491 1087 1591 quafi
1114 1494 1285 1568 summus
1312 1492 1421 1568 fnisse
1447 1495 1600 1569 videtur
1626 1497 1852 1595 praefectus.
1889 1501 2035 1575 Auctor
2053 1501 2120 1575 vi·

364 1612 421 1685 tae
449 1619 501 1686 St.
529 1613 663 1723 Mauri
687 1637 725 1689 ι’.
755 1638 786 1684 c.
816 1612 862 1687 de
888 1606 1004 1685 Floro
1032 1614 1202 1710 quodam
1227 1631 1380 1702 narrat,
1408 1638 1499 1686 eum
1526 1616 1628 1710 apud
1652 1641 1780 1716 regem
1808 1617 2120 1693 Theodoberturn
2217 1642 2220 1647 ’

359 1731 598 1815 [summum
626 1730 814 1801 amicitiae
840 1733 972 1801 locunt
998 1728 1178 1815 tenuisse,
1207 1731 1297 1818 sed,
1323 1755 1396 1826 pro
1423 1733 1556 1804 aetatis
1596 1731 1779 1831 ingenio,
1816 1737 1869 1808 ita
1907 1737 2119 1811 sanctitatis

361 1871 398 1922 et
425 1852 525 1923 vitae
551 1847 750 1944 religiosae
776 1843 886 1917 fuisse
912 1843 1131 1933 studiosum,
1159 1865 1204 1919 ut
1229 1849 1367 1919 relicto
1390 1851 1489 1945 regis
1516 1851 1664 1923 Palatio
1703 1852 1746 1924 in
1774 1851 2052 1928 Monasterium
2080 1858 2118 1928 se
2170 1874 2181 1889 “
2285 1889 2292 1896 ·

360 1967 527 2063 recipere
568 1963 861 2073 praeoptaverit.
926 1968 1166 2060 Quapropter
1212 1991 1278 2038 rex
1326 1966 1431 2040 Flori
1470 1962 1715 2062 'possessiones
1760 1971 1932 2042 eiusdem
1976 1975 2117 2069 nepoti

361 2082 622 2161 concedendas
650 2080 720 2157 esse
747 2081 910 2170 censuit,
939 2083 1042 2180 quod
1068 2069 1139 2155 hi's'
1156 2083 1236 2156 fere
1262 2085 1389 2159 verbis
1416 2085 1668 2183 exprimitur:
1722 2087 1868 2172 „Dedit
1892 2089 1929 2160 ei
1955 2114 2022 2185 per
2036 2090 2126 2183 'soe-⁴

360 2224 492 2303 ptrum
517 2205 664 2303 regale,
693 2202 797 2300 quod
821 2190 941 2275 manu
968 2196 1151 2298 gestabat,
1187 2226 1438 2298 quaecunque
1464 2202 1600 2274 Florua
1626 2221 1786 2298 patruus
1814 2205 1896 2278 eius
1924 2231 1971 2279 ex
1996 2207 2134 2307 regali¹

361 2322 569 2422 poffederat
595 2314 787 2413 d0n0‘⁴²),
813 2344 892 2418 quo
918 2322 1006 2392 loco
1032 2320 1387 2418 ',‚regale·donum“
1414 2317 1518 2391 haud
1543 2318 1659 2393 dubie
1683 2304 1790 2410 non,
1816 2321 1889 2396 nifi
1915 2325 1971 2396 ita
1997 2324 2115 2397 inter:

361 2444 587 2542 pretendum
615 2438 675 2529 est,
703 2457 749 2512 ut
775 2464 817 2512 ea
843 2439 945 2513 bona
972 2437 1111 2512 fiscalia
1138 2435 1336 2537 significet,
1364 2460 1459 2532 quae
1484 2438 1622 2512 Florus
1648 2457 1805 2536 propter
1830 2466 1974 2516 munus
1993 2445 2116 2540 qnod·

360 2565 448 2635 dam
474 2561 697 2655 susceptum·
718 2559 780 2631 vel
807 2576 990 2651 tanquam
1016 2548 1246 2661 beneficium
1269 2581 1316 2625 ex
1333 2554 1442 2627 Fisoo
1461 2554 1683 2652 possedisset.
1736 2563 1838 2631 Nam
1862 2558 1891 2632 fi
1916 2560 1984 2633 illa
2010 2562 2134 2652 bona·

360 2708 406 2752 ex
433 2679 537 2752 Flori
563 2675 816 2771 proprietate,
844 2689 887 2742 ut
915 2672 967 2742 ait
993 2671 1227 2760 Marculfus,
1263 2671 1443 2760 fuissent,
1480 2697 1565 2747 non
1591 2673 1709 2748 modo
1736 2677 1837 2773 regia
1864 2679 2053 2752 consensu
2079 2699 2117 2754 et

360 2797 584 2881 auctoritate
608 2794 722 2889 plane
747 2814 830 2862 non
858 2813 957 2886 opus
983 2788 1122 2879 fuerit,
1161 2791 1223 2864 sed
1249 2791 1365 2863 etiam
1391 2792 1438 2864 ad
1463 2816 1591 2890 regem
1616 2816 1665 2864 ne
1691 2793 1752 2865 ius
1787 2794 1944 2890 quidem
1980 2819 2115 2870 conce·

360 2915 477 2989 dendi
502 2907 784 2987 veluetinendi
811 2933 982 3006 unquam
1007 2909 1254 3005 pertinuerit,
1282 2910 1427 3007 quippe
1454 2934 1543 2982 cum
1568 2927 1753 3007 tanquam
1780 2909 1871 2983 alod
1894 2931 2114 3008 parentum,

216 3090 225 3096 .
357 3053 403 3106 ut
428 3036 530 3106 idem
556 3026 772 3104 Marculfus
799 3026 920 3116 dixit,
948 3053 1016 3124 per
1042 3028 1079 3100 se
1106 3027 1152 3100 ad
1178 3028 1282 3101 Flori
1308 3045 1491 3124 nepotem
1517 3028 1738 3102 hereditatis
1765 3028 1849 3100 iure
1876 3027 2113 3109 devenerint.

300 3152 303 3156 ’
358 3158 482 3251 Atque
509 3146 724 3222 Mar'culfua
752 3146 870 3244 ipse,
874 3171 1027 3233 ,munus
1054 3148 1273 3245 regium“,
1276 3144 1393 3233 al,odi
1419 3151 1646 3241 parentum“
1672 3147 1727 3218 ita
1754 3145 1947 3243 opposuit,
1975 3167 2021 3220 ut
2046 3151 2116 3225 vix

359 3272 562 3376 quisquam
590 3267 762 3340 dubitare
789 3261 917 3360 poffit,
946 3267 1042 3363 quin
1068 3267 1175 3362 priua
1203 3265 1358 3362 quidem
1384 3261 1429 3335 de
1455 3263 1572 3337 bonis
1601 3289 1649 3336 ex
1675 3264 1783 3338 Fisco
1810 3289 1882 3361 per
1903 3266 2032 3362 ipsum
2057 3294 2115 3342 re·

360 3415 447 3489 gem
473 3382 649 3460 concessis
675 3383 721 3457 fit
737 3376 1063 3481 intelligendum,
1101 3383 1217 3478 idque
1241 3381 1442 3478 praecipue
1467 3399 1689 3479 propterea,
1716 3381 1821 3480 quod
1846 3407 1897 3457 ex
1922 3370 2113 3484 sequenti·

359 3509 433 3580 bus
459 3506 610 3590 verba,
615 3527 697 3590 ,nec
723 3499 773 3574 de
795 3520 902 3597 parte
928 3501 1026 3574 Fisci
1049 3497 1194 3574 nostri“
1229 3502 1277 3574 ad
1309 3524 1453 3573 munus
1481 3499 1652 3600 regium,
1688 3518 1823 3574 contra
1857 3527 1951 3599 vero
1976 3502 2113 3577 verba·

241 3598 248 3611 ¹
360 3651 458 3714 „nec
485 3650 504 3694 a
529 3621 750 3719 parentibus
778 3642 911 3693 eorum
922 3673 1016 3694 .....
1043 3615 1153 3716 poffit
1179 3620 1372 3693 convelli“
1401 3620 1449 3693 ad
1474 3620 1565 3693 alod
1589 3638 1795 3721 parentum
1821 3619 1923 3718 quali
1948 3619 2113 3695 reseren-

360 3748 406 3819 da
433 3741 505 3816 esse
529 3731 792 3839 videantur3.)
855 3737 942 3810 Alia
978 3761 1096 3834 porro
1124 3734 1301 3810 Marculfi
1327 3736 1508 3811 formula
1520 3763 1587 3812 rex
1613 3739 1693 3836 ipse
1720 3740 1848 3824 iubet,
1887 3755 1931 3809 ut
1957 3737 2113 3814 diversit

358 3860 406 3937 e'ir
445 3859 559 3934 causta
593 3861 698 3931 bona
733 3857 876 3930 fiscalia
911 3855 959 3927 ad
992 3855 1144 3930 Fiscmn
1180 3874 1410 3930 revocentur
1422 3848 1484 3948 ⁴3)
1516 3868 1561 3930 et
1585 3854 1668 3952 post
1693 3855 1928 3942 Nonniohii,
1955 3857 2113 3932 comitis
2192 3875 2210 3897 ²

358 3981 575 4067 cuiusdam,
614 3977 766 4050 obitum
792 3975 962 4078 eiusdem
988 3948 1188 4049 facultates
1216 3973 1397 4064 „diversis
1426 3999 1446 4046 a
1472 3979 1585 4073 rege“
1612 3970 1725 4047 fuisse
1752 3968 1941 4048 concessas
1969 3978 2112 4076 Grego-

292 4177 295 4192 ,
359 4101 439 4171 rius
467 4095 699 4171 Turoneusrs
735 4113 886 4184 narrat,
914 4111 953 4166 et
979 4117 1025 4166 ex
1050 4095 1125 4167 hoe
1151 4117 1287 4194 genere
1313 4091 1400 4164 sane
1424 4091 1533 4188 plura
1560 4091 1728 4164 enarrari
1753 4088 1910 4187 poffunt
1937 4117 1986 4168 ex
2020 4091 2111 4189 ipsit

324 4247 329 4253 ·
357 4217 549 4303 fontibus,
578 4242 672 4313 quaa
697 4210 792 4290 satie
812 4208 1004 4302 testentur,
1032 4213 1128 4289 Fisei
1155 4206 1523 4286 administrationem
1546 4209 1751 4305 praecipue
1776 4211 1823 4284 ad
1848 4236 1982 4347 regem
1996 4210 2113 4307 perti·

358 4334 500 4443 nuisse3
525 4334 585 4406 de
610 4336 772 4408 Maiore
785 4325 924 4408 domus
951 4350 1049 4406 certe
1074 4333 1117 4404 in
1143 4327 1368 4404 huiusmodi
1392 4327 1489 4401 locis
1514 4352 1718 4427 nunqnam
1741 4329 1821 4402 ulla
1857 4328 2011 4404 mentio
2050 4326 2109 4415 fit,

357 4452 430 4526 nist
457 4453 556 4526 sorte
582 4476 677 4548 „per
701 4438 893 4530 Maiorem
919 4454 1114 4538 domus,“-
1139 4452 1239 4536 vel,
1243 4447 1404 4537 ,Maiori
1434 4447 1573 4521 domuc
1596 4448 1896 4535 consentiento“,
1921 4444 1986 4519 vel
2007 4444 2113 4519 aliud

356 4573 450 4672 quid
477 4597 524 4643 ex
549 4570 623 4642 hoc
650 4590 786 4669 genere
813 4570 855 4643 in
881 4563 1028 4641 alitur
1049 4566 1255 4665 cogitando
1278 4562 1383 4664 quasi
1409 4564 1667 4664 supplendum
1694 4567 1822 4644 stt.-
1846 4555 2113 4643 Extudeuis
2185 4567 2201 4579 ‘

1577 4749 1603 4787 χ
