4590 5364
970 695 982 709 .
1030 652 1067 739 ς,
1097 668 1139 735 5„

280 813 286 843 ⁸
310 855 438 949 Atque
462 852 612 923 easdem
637 844 716 922 sere
744 827 1017 932 difficultates,
1032 843 1108 920 five
1133 848 1308 921 internae
1333 845 1407 921 sive
1435 846 1611 928 externae
1637 849 1779 922 indolis
1806 850 1956 951 ratione

208 972 358 1057 habiti,
387 970 501 1042 ceteri
528 991 715 1064 quoque,.
732 965 800 1061 qui
828 966 1061 1064 Gregorium.
1081 967 1198 1038 secuti
1223 967 1340 1055 sunt,
1360 971 1487 1038 rerum
1513 969 1778 1060 Francicarum
1803 967 1958 1062 scripto·

186 1114 267 1162 res
285 1082 478 1184 praebent,
500 1110 629 1180 ¹usque
657 1086 750 1156 dum
776 1083 933 1155 saeculo.
952 1101 1271 1159 actavoexeunte
1297 1110 1424 1158 novus
1453 1084 1553 1181 quasi
1580 1066 1794 1157 litterarum
1813 1089 1963 1156 Maece·

209 1232 302 1292 nas,
331 1203 488 1278 Carolus
514 1204 580 1274 ille
606 1206 795 1300 Magnus,
824 1202 990 1296 prodiit,
1030 1219 1068 1273 et
1092 1200 1307 1273 litterarum
1334 1200 1452 1274 studia
1480 1203 1607 1274 denuo
1635 1220 1675 1273 et
1697 1203 1836 1274 maiori
1870 1227 1959 1272 cum

191 1321 423 1422 1111111111011·
444 1319 708 1394 1100111101111
723 1316 777 1410 ¹).¹
821 1320 1021 1411 Pertinent
1038 1320 1158 1418 igitur
1184 1321 1237 1419 ad¹
1257 1320 1417 1391 illorum
1444 1321 1675 1416 scriptorum
1698 1322 1840 1406 libros,
1859 1344 1960 1414 prae·

210 1443 267 1514 te'r
293 1442 460 1514 vitarum
487 1444 713 1516 Sanctorum
738 1425 893 1509 silvanr:
920 1435 1136 1534 Fredegarii
1163 1433 1382 1508 Scholastioi
1409 1438 1660 1524 chronicon,
1680 1463 1770 1534 quo,
1785 1438 1960 1534 Gregorii

95 1622 100 1635 .
188 1546 625 1636 'libroscontinuavitr
669 1549 835 1626 Historia
860 1559 1094 1627 Francorum
1120 1553 1349 1649 epitomata„
1368 1580 1463 1651 quae
1480 1553 1815 1650 inscribitursme
1842 1554 1960 1626 dubio

148 1709 150 1714 ¹
193 1676 347 1757 eodem
373 1672 597 1770 Fredegario
624 1670 763 1742 merito
789 1668 986 1743 tribuitur.
1041 1677 1143 1767 Quae
1163 1673 1329 1766 quidem
1349 1670 1504 1757 historia
1541 1674 1748 1768 epitomata
1756 1725 1776 1760 ,.
1809 1691 1854 1744 ut
1880 1696 1961 1770 om·
2008 1688 2016 1701 '

176 1855 178 1858 .
210 1817 279 1867 nes
307 1816 428 1895 paene
455 1790 610 1859 seriores
638 1785 863 1879 scriptores,
893 1785 1122 1882 Gregorium
1148 1785 1195 1854 ad
1221 1786 1381 1869 verbum
1407 1786 1486 1855 fere
1513 1788 1650 1876 secuta,
1677 1792 1739 1860 ita,
1757 1796 1885 1862 tamen
1915 1790 1961 1860 ab
1999 1810 2002 1819 ’

211 1937 256 1983 eo
284 1905 458 1992 recedit,
475 1912 526 1976 u't
545 1902 734 1999 permulta
762 1923 879 1996 eaque
904 1899 980 1973 vix·
1001 1898 1078 1970 fule
1102 1900 1217 1996 digna
1245 1917 1283 1970 et
1310 1901 1419 2001 omni
1447 1902 1671 1974 auctoritate
1699 1902 1872 1976 destituta
1901 1908 1963 1977 ad·

211 2027 328 2103 iiciat.
377 2011 589 2097 Commune
617 2016 777 2115 quidem
799 2041 888 2088 cum
913 2017 983 2087 1110
1010 2011 1142 2104 „Gesta
1167 2019 1317 2115 Regum
1336 2023 1595 2089 Francorum
1614 2018 1800 2114 inscripto
1827 2020 1960 2093 libello
1995 2028 2003 2036 “

213 2146 374 2219 vitium
417 2146 537 2213 Porro
560 2161 613 2209 ex
638 2130 722 2208 hoc
739 2159 884 2234 genere
900 2158 985 2206 non
1012 2132 1225 2228 omittenda
1250 2134 1342 2231 sunt
1374 2131 1477 2206 Gesta
1504 2136 1769 2270 Dagobertil,
1798 2155 1835 2209 et
1862 2162 1964 2208 com·

135 2244 141 2257 ’
214 2247 344 2358 plures
381 2256 594 2329 Annalium
627 2254 718 2331 libri
753 2253 899 2349 aliaque
933 2251 1157 2324 huiusmodi
1193 2225 1342 2348 scripta,
1389 2277 1553 2346 quorum
1582 2254 1666 2352 qui
1712 2251 1957 2326 suerintau

185 2397 347 2476 ,stores
373 2377 436 2452 vel
462 2374 611 2472 quibus
640 2368 958 2466 inscriptionibus
983 2366 1064 2447 sint
1083 2365 1245 2457 notata,
1279 2367 1382 2447 insra
1410 2369 1608 2497 ocoafione
1629 2371 1782 2461 oblata,
1821 2369 1961 2493 indica

178 2497 362 2568 'bimus
1324 2521 1326 2524 ⁴
1562 2509 1565 2516 '

1033 2717 1209 2911 scs

320 2989 373 3058 Ut
406 2968 507 3058 vero
536 2971 589 3055 a‘d'
619 2972 846 3119 Gregorium
872 2976 1139 3056 Turonensem
1164 2973 1416 3070 revertamur,
1462 2978 1554 3056 cum·
1583 2986 1715 3058 multis
1741 2979 1848 3060 vitiis
1874 2981 1966 3064 liaeo
2074 2960 2077 2968 Ι

218 3111 315 3176 certe
343 3095 384 3175 11
403 3121 599 3198 tamquam
624 3101 782 3198 propria
807 3102 891 3173 laus
919 3097 969 3172 est
993 3096 1251 3188 vindicanda,
1278 3119 1322 3172 ut
1348 3102 1391 3172 in
1418 3092 1530 3174 rebus
1558 3103 1604 3176 ad
1630 3101 1825 3185 historiam
1850 3109 1965 3178 Fran·

220 3246 354 3293 corum
389 3220 698 3342 pertinentibus,
733 3213 870 3291 sinon
896 3217 1061 3313 semper,
1096 3220 1321 3319 plerumque
1354 3235 1483 3291 tamen
1504 3222 1546 3292 ei
1572 3221 1668 3294 sides
1690 3203 1828 3294 haberi
1844 3208 1964 3350 possit.
1984 3215 1986 3219 ¹

216 3325 325 3410 Vixit
361 3332 476 3410 eniin
495 3356 533 3410 et
557 3334 680 3408 libros
704 3336 792 3408 suos
820 3333 1041 3431 conscripsit
1066 3337 1272 3435 Gregorius
1298 3361 1341 3408 ea
1368 3353 1506 3426 aetate,
1545 3364 1618 3437 qua
1653 3330 1854 3414 veritatem
1867 3317 1966 3428 sine
2043 3392 2047 3410 .

215 3455 422 3535 terborum
447 3447 671 3554 ambagibus
698 3441 881 3550 proferre
899 3448 1037 3553 cui‘qpe
1061 3450 1221 3543 licebat,
1260 3470 1298 3524 et
1324 3466 1513 3551 quatenus
1540 3480 1610 3553 pro
1638 3457 1772 3529 aetatis
1787 3453 1966 3553 supersti-
2012 3456 2022 3463 ²

215 3573 323 3645 tione
349 3590 461 3669 atque
487 3569 722 3644 credulitate
736 3564 838 3642 fieri
834 3571 994 3666 potuit,
1039 3595 1128 3643 cum
1162 3567 1349 3668 religione
1388 3573 1552 3671 quadam
1577 3575 1780 3661 veritatem
1804 3576 1966 3648 sectatus

217 3669 637 3774 suisse'videtur.1ta,
671 3712 723 3760 ne
748 3683 907 3786 l'ongi'us
934 3688 1077 3770 abeam,
1106 3688 1317 3787 Gregorius
1335 3690 1380 3762 de
1410 3689 1539 3763 sabula
1565 3673 1632 3766 illa
1658 3690 1852 3788 ampullae
1870 3692 1969 3762 Rhe-

214 3804 371 3887 mensts,
411 3806 527 3880 cui'us
548 3803 756 3878 cbrislnate
767 3800 1039 3879 chlodoveum
1057 3830 1253 3905 magnum
1270 3806 1477 3881 inunctum
1503 3804 1614 3883 fuiff'e
1641 3811 1800 3882 seriores
1822 3802 1967 3881 cousin·
2012 3811 2014 3814 ⁴

206 3909 382 4012 rerunt,
416 3949 467 3997 ne
501 3920 663 4000 verbum
700 3918 857 4021 quidem
890 3925 1069 4011 monuit3
1110 3941 1148 3996 et
1174 3949 1220 3995 ex
1246 3924 1326 3997 hoc
1346 3950 1481 4024 genere
1507 3928 1629 3999 multa
1656 3927 1729 3998 alsa
1756 3950 1777 3996 a
1803 3924 1965 3999 veritate

215 4026 368 4137 prorsus
396 4042 521 4114 aliena
547 4041 703 4115 seriores
729 4041 986 4138 protulerunt,
1015 4044 1061 4115 de
1087 4042 1267 4140 quibus
1254 4066 1301 4114 1n
1325 4043 1506 4143 Gregorii
1524 4043 1633 4118 libris
1658 4045 1772 4142 plane
1789 4020 1921 4117 nihil
1909 4068 1968 4117 m·

160 4185 168 4202 ‘
217 4157 363 4232 venias.
422 4160 567 4256 Neque
595 4159 691 4232 sane
721 4154 828 4231 causa
855 4157 993 4232 idonea
1031 4151 1218 4272 exstabat,
1259 4184 1326 4230 cur
1361 4163 1565 4260 Gregorius
1600 4186 1621 4235 a
1654 4161 1821 4237 veritate
1853 4158 1968 4233 desci-
1999 4202 2029 4217 <-

218 4275 326 4348 scene
353 4276 395 4347 in
421 4277 581 4374 alicuius
607 4276 787 4351 savorem*
806 4274 894 4350 falsi
916 4278 1127 4377 quidquam
1154 4261 1969 4380 111011111111011111111111111110101011·
2059 4267 2062 4273 ’
2159 4298 2167 4305 ·

103 4403 108 4423 ’
214 4393 279 4464 set.
335 4393 403 4465 Sin
429 4417 521 4467 vero
543 4418 614 4473 ‚eos
641 4396 862 4491 scriptores,
899 4396 968 4492 qui
992 4392 1076 4491 post
1102 4395 1331 4495 Gregorium
1358 4397 1639 4473 inclinantibus
1676 4401 1754 4473 iam
1779 4396 1825 4467 ad
1850 4394 1968 4465 inter·

91 4554 95 4561 -
154 4496 161 4508 ’
212 4509 313 4582 irum
339 4511 581 4610 Morovingis
607 4512 817 4601 vixerunt,
846 4511 1094 4609 respicimus,
1126 4514 1170 4586 in
1195 4515 1256 4586 his
1281 4517 1560 4614 porcensoudis
1581 4519 1704 4594 maior
1735 4513 1812 4591 sure
1849 4508 1968 4594 dubio
2058 4605 2062 4610 η
