4590 5364
880 1356 1312 1520 ruusu‘

593 1683 699 1800 Quis
716 1677 819 1796 suit
849 1674 1131 1766 Francorum
1163 1678 1326 1764 Maior
1358 1678 1557 1763 donus?
1608 1691 1620 1765 '.

1004 1983 1104 2066 Cur.
1135 1985 1167 2104 l.

296 2246 359 2317 De
384 2236 542 2345 uulgari
568 2239 621 2313 cd
648 2242 857 2314 recentiora
885 2263 999 2339 usqroe
1024 2250 1205 2336 ternporn·
1230 2244 1276 2316 de
1302 2247 1460 2316 Maiore
1493 2244 1627 2313 doricus
1647 2235 1848 2340 sententio.

1014 2462 1049 2546 §-
1093 2480 1128 2526 ι.

200 2644 397 2774 Historia
431 2686 631 2766 Maiorum
665 2693 824 2779 domus,
861 2711 993 2764 eorum
1019 2689 1228 2788 potestatis
1257 2693 1496 2766 incrementa
1523 2710 1634 2788 atque
1659 2684 1943 2772 similitudines,
2051 2706 2056 2712 ·
2149 2774 2157 2789 .

199 2832 406 2910 eorumque
431 2827 522 2898 tum¹
537 2811 726 2910 gloriosus
753 2833 866 2906 quam
892 2808 1054 2909 iufignis
1081 2813 1231 2897 exitus,
1259 2811 1302 2882 iu
1329 2835 1371 2882 ea
1396 2810 1514 2883 medii
1541 2810 1625 2883 aevi
1650 2827 1824 2903 tempora
1850 2803 1945 2879 iuci-

198 2927 274 3010 dit,
328 2952 424 3026 quae
465 2951 554 3000 cum
599 2931 757 3023 propter
800 2929 921 2998 multa
965 2929 1061 3012 alia,
1117 2947 1201 3000 tum
1246 2928 1420 3024 pricipue
1463 2929 1559 3000 hauc
1605 2927 1655 3000 ob
1700 2927 1850 2999 caussam
1899 2923 1945 2995 ad

197 3047 457 3120 'celeberrimas
491 3062 530 3117 et
564 3039 796 3145 graviffimas
834 3044 954 3115 totius
995 3042 1171 3118 historiae
1205 3061 1330 3142 partes
1377 3047 1521 3116 merito·
1540 3045 1796 3140 ·pertineant‚
1842 3042 1945 3139 quod

196 3163 420 3237 recentioris
446 3163 580 3236 aetatis
621 3161 860 3258 principium
885 3158 1170 3257 quodammodo
1207 3181 1320 3259 atque
1355 3159 1656 3234 fundamentum
1694 3161 1823 3231 haberi
1861 3157 1945 3252 pol·

197 3281 297 3352 sunt.
365 3276 480 3377 Quod
523 3276 680 3377 quidem
712 3277 759 3350 ad
800 3276 1034 3376 propofitam
1082 3277 1337 3376 quaestionem
1379 3281 1685 3376 pertractandam
1733 3301 1817 3348 non
1872 3275 1944 3344 mi·
1989 3353 2005 3372 1

196 3407 272 3470 mis
319 3397 493 3470 animum
529 3396 674 3471 invitat
716 3413 830 3494 atquc
871 3397 1028 3484 excitat,
1077 3423 1192 3495 quam
1239 3397 1357 3505 ipsius
1401 3399 1567 3497 gravitas
1610 3422 1674 3494 per
1712 3396 1759 3468 se.
1820 3394 1944 3464 Maxi·

197 3536 300 3586 mum
326 3514 433 3586 enim
458 3510 690 3612 quaestionis
725 3514 951 3614 gravitatem
982 3514 1027 3586 iu
1061 3538 1107 3585 co
1139 3513 1373 3611 potiffimum
1407 3516 1568 3613 p‘ofitam
1610 3512 1679 3587 elle
1717 3513 1942 3609 putaverim,

200 3631 306 3728 quod
349 3654 427 3728 quo
469 3632 681 3708 accuratius
712 3633 805 3704 licet
837 3634 1062 3732 cognoscere
1099 3634 1263 3728 primam
1299 3636 1461 3708 Maioris
1498 3636 1635 3706 domus
1671 3631 1952 3713 conditionem·
1991 3687 1998 3705 ,

198 3773 243 3821 eo
270 3746 420 3824 facilius
447 3766 487 3820 ct
512 3749 664 3822 certius'
676 3750 855 3844 explicari
880 3747 1001 3847 potest
1035 3748 1220 3846 quaestio,
1255 3751 1451 3849 quomodo
1484 3753 1549 3823 hic
1587 3746 1840 3823 ministerialis
1876 3750 1951 3822 sae·

200 3867 286 3937 culo
312 3885 449 3942 ouavo
476 3866 561 3964 iplo
596 3889 717 3964 reguo
754 3866 875 3961 potiri
906 3869 1086 3960 potuerit.
1146 3871 1198 3941 At
1233 3893 1351 3956 vero,
1396 3870 1570 3966 quamvis
1607 3863 1945 3940 iucimdiffimu'lit

199 3981 314 4055 huius
350 3981 582 4082 quaestionis
615 3978 876 4083 inuestigatio,
914 4000 1044 4056 tantae
1077 4003 1204 4058 tamen
1241 4005 1395 4083 tamque
1422 3989 1586 4072 multae,
1621 3985 1830 4083 quominus
1858 3983 1945 4055 satis

199 4115 286 4195 upte
312 4115 350 4171 ct
374 4103 523 4175 erudite
543 4101 777 4198 explicetur,
815 4102 960 4174 obsunt
986 4099 1248 4191 difficultates,
1288 4090 1381 4201 q'um
1408 4107 1476 4179 vix
1503 4104 1673 4200 superare
1698 4098 1800 4196 polle
1837 4116 1945 4198 putu·

196 4217 343 4305 verim,
379 4217 450 4292 nifi
476 4223 731 4294 Horatiauum
757 4221 857 4293 illud
882 4222 967 4308 „nil
992 4222 1217 4294 mortalibus
1244 4225 1409 4294 arduum
1441 4229 1523 4294 est“
1547 4218 1580 4310 ¹)
1615 4221 1801 4292 iuvenilia
1828 4219 1945 4294 studia

199 4336 483 4431 quodammodo
523 4340 696 4411 excitarit
731 4357 844 4434 atque
878 4341 1058 4411 nondum
1095 4340 1315 4411 exercitatas
1350 4342 1438 4413 sutis
1474 4335 1576 4434 quali
1601 4338 1806 4411 sublevarit
1832 4340 1941 4412 vires.

198 4454 411 4528 Maximam
436 4451 557 4554 igitur
582 4451 854 4542 difficultatem,
883 4482 928 4528 ex
955 4480 1027 4552 qua
1056 4474 1196 4528 ceterae
1218 4479 1352 4530 omues
1375 4456 1587 4544 nascantur,
1629 4458 1719 4530 inde
1747 4457 1838 4527 oriri
1866 4459 1941 4528 ium
