4590 5364
612 1836 618 1842 “
698 1813 1452 2017 INTuODUCTIO„

1019 2096 1146 2187 Μ·

153 2290 157 2301 ’
200 2250 250 2377 Ρ
252 2292 418 2411 reposita
444 2302 493 2381 est
518 2331 643 2403 nuper
670 2309 716 2379 ab
744 2304 968 2405 amplissimo
1001 2309 1170 2384 civitatis
1204 2292 1353 2387 nostrae
1384 2310 1589 2385 litterariae
1625 2290 1947 2410 Philosophorum

198 2430 336 2527 ¹ordine
362 2448 409 2501 ex
434 2422 587 2497 historia
615 2448 730 2517 eaque
757 2426 873 2493 medii
900 2425 995 2508 aevi,
1015 2429 1113 2515 uhaec
1139 2425 1329 2520 quaestio:
1368 2425 1391 2512 2

329 2543 450 2640 „Quis
477 2540 553 2611 fuit
577 2538 707 2610 Maior
723 2537 860 2611 domus
886 2539 1021 2635 primis
1037 2539 1147 2639 regni
1172 2547 1403 2617 Francorum
1428 2543 1666 2641 temporibus
1693 2516 1733 2618 et
1748 2550 1945 2652 quomodo
1985 2628 1993 2642 ,

279 2660 518 2759 „quibusque
548 2656 696 2733 ‚artibus
729 2657 792 2727 hic
826 2653 1078 2747 ministerialis
1115 2657 1262 2734 saeculo
1298 2679 1434 2737 octavo
1464 2686 1514 2736 eo
1551 2662 1745 2760 pervenit,
1781 2681 1826 2738 ut
1859 2663 1945 2763 ipso

149 2853 152 2868 ,
191 2770 193 2776 ⁴
278 2801 422 2878 „regno
449 2774 570 2873 potiri
595 2773 766 2870 potuerit
778 2770 824 2846 ‘l“

1019 2989 1055 3074 §-
1080 3006 1120 3060 e.

301 3180 405 3270 Quae
431 3170 586 3268 quidem
611 3163 774 3265 quaestio
801 3189 900 3254 cum,
927 3186 972 3239 ut
997 3168 1267 3265 praescriptum
1292 3164 1361 3256 est,
1397 3194 1445 3242 ex
1465 3168 1585 3243 ,illius
1612 3172 1794 3266 temporis
1826 3167 1944 3247 histo·

108 3332 150 3360 ’κ
201 3291 277 3362 r'iae
303 3290 481 3363 fontibus
506 3286 721 3386 indaganda
747 3306 858 3384 atque
885 3287 1147 3383 pertractanda
1187 3285 1253 3375 fit,
1306 3287 1352 3361 de
1389 3287 1449 3361 his
1487 3287 1575 3383 ipfis
1610 3288 1786 3364 fontibus
1821 3279 1942 3385 pauca

202 3405 368 3480 disserere
394 3408 495 3480 haud
521 3403 753 3501 superfluum
776 3397 848 3476 elle
873 3404 1035 3480 videtur.

302 3532 430 3621 Quum
454 3547 546 3597 vero
573 3523 642 3596 vix
676 3547 811 3617 operae
847 3526 1015 3617 pretium
1052 3520 1121 3594 esse
1154 3525 1387 3618 putaverim,
1426 3548 1559 3606 omnes
1594 3525 1731 3599 veteris
1766 3522 1942 3601 historiae

199 3650 433 3745 Francorum
457 3643 667 3734 scriptores,
695 3641 969 3736 annaliumque
994 3660 1259 3729 monumenta,
1285 3642 1544 3716 numerosiora
1562 3643 1717 3738 quidem
1735 3643 1941 3741 illaquam

191 3757 421 3857 copiosiora,
450 3781 614 3854 quorum
639 3758 813 3850 quamvis
834 3782 922 3835 nou
950 3759 1093 3854 semper
1119 3755 1339 3858 grauissima,
1366 3763 1445 3834 sola
1464 3778 1591 3832 temen
1619 3748 1842 3832 auctoritate
1867 3757 1939 3832 nili

199 3881 298 3950 hanc
325 3878 489 3973 opellam
516 3874 756 3969 suscepimus,
782 3872 960 3969 deinceps
987 3899 1169 3964 enarrare,
1197 3877 1314 3951 satiras
1341 3880 1425 3966 erit,
1451 3877 1572 3951 libros
1600 3879 1787 3975 quosdam
1811 3876 1940 3948 nomi·

85 3982 99 3999 ⁶
199 4017 301 4077 nare.
333 3995 542 4090 inquibus
572 3991 770 4087 praecipui
794 3990 921 4063 rerum
947 3995 1210 4066 Francicarum
1236 3994 1432 4093 scriptores
1459 3994 1611 4069 collecti
1640 4011 1683 4065 et
1717 4016 1766 4062 ex
1790 3995 1939 4089 tempo·

199 4135 287 4186 rum
313 4107 445 4183 ordine
472 4110 644 4207 disposui
669 4110 932 4183 inueniuntur.
985 4115 1044 4182 Ex
1068 4112 1117 4185 iis
1143 4114 1273 4212 igitur,
1302 4114 1370 4210 qui
1398 4112 1621 4186 huiusmodi
1647 4109 1939 4185 collectionibus

95 4279 102 4292 .
199 4231 245 4302 de
271 4226 442 4322 ipsorum
466 4230 608 4324 patriae
634 4225 787 4301 historia
807 4227 961 4324 optime
987 4220 1228 4314 meruerunt,
1263 4224 1450 4324 praeclare
1484 4228 1810 4301 commemorandi
1848 4230 1939 4302 sunt

200 4348 367 4420 Andreas
394 4361 432 4414 et
456 4348 675 4418 Franciscus
702 4352 768 4418 Du
805 4346 962 4434 chesne,
988 4365 1095 4442 pater
1121 4366 1158 4418 et
1183 4346 1297 4433 lilius,
1325 4369 1489 4441 quorum
1513 4344 1610 4416 liber
1635 4344 1690 4416 ita
1710 4343 1937 4442 inscriptust

202 4459 412 4551 „Historiae
449 4466 681 4536 Francorum
720 4460 921 4559 scriptores
949 4462 1142 4538 coaetanei
1170 4467 1278 4545 -ete‚“
1314 4460 1458 4559 prodiit
1500 4465 1672 4536 Lutetiae
1711 4462 1937 4542 Parisiorum

1640 4597 1675 4670 Α
