4590 5364
961 313 1013 344 ...
1116 272 1320 418 68]..

189 591 191 594 y
288 524 293 531 “
369 478 468 576 Cum
492 522 583 572 vero
609 496 738 570 Maior
764 487 902 572 domus
928 523 1102 598 regnum
1110 503 1346 574 Francorum
1363 497 1432 576 fibi
1456 494 1674 594 vindicarit,
1703 500 2017 608 distinguendum
2177 564 2179 571 η

268 625 359 731 erit,
406 635 601 719 quantum
630 618 673 689 in
711 617 827 689 huius
853 615 1106 691 ministerialis
1128 621 1181 698 nd
1207 623 1371 720 regalem
1397 623 1517 742 ipsam
1542 649 1662 720 usque
1688 625 1814 699 sedem
1852 630 2030 705 elatione·
2095 607 2124 621 ..

266 763 488 838 temporum
525 737 670 820 rationi
705 754 829 833 atque
844 715 1111 829 viciffitudins,
1152 758 1342 836 quantum
1369 759 1501 819 contra
1526 743 1725 840 Malorum
1752 747 1891 820 domus
1927 772 2017 842 pru·

238 948 240 953 ι
265 862 414 933 dentiae
448 875 487 928 et
513 857 657 928 artibus
684 853 730 928 fit
766 855 1028 947 tribuendum.
1089 862 1190 928 Nam
1214 856 1262 929 fi
1268 884 1403 931 verum
1430 855 1490 947 est,
1518 830 1660 958 quod
1649 890 1691 935 m
1718 866 1843 959 prima
1869 860 2020 948 nostrae

218 1004 220 1007 ·
264 974 604 1054 commentationis
637 992 743 1069 parte
778 971 1032 1047 demonstrare
1059 976 1189 1049 conati
1216 978 1368 1064 snmus,
1397 979 1569 1052 Maioris
1587 979 1723 1054 domus
1752 983 2018 1057 conditionem

262 1099 308 1172 ab
335 1096 460 1192 ipsoi
445 1090 561 1166 mitio
588 1090 790 1198 necessario
817 1095 935 1165 telem
969 1091 1099 1182 fuisse,
1138 1096 1320 1193 qualis
1288 1122 1324 1167 er
1349 1094 1543 1192 potestatis
1569 1098 1703 1172 sensim
1734 1099 1945 1196 sensimque
1979 1115 2018 1174 et

261 1214 362 1314 quast
388 1213 597 1310 improviso
625 1212 818 1309 augendae
845 1213 1176 1308 opportunitatem
1201 1215 1429 1309 praebuerit,
1459 1217 1588 1290 omnis
1614 1217 1694 1314 fere
1715 1218 1832 1292 huius
1849 1215 2015 1295 ministe·
2080 1306 2088 1318 ‘

260 1336 364 1408 rialis
388 1353 450 1405 'ars
476 1333 521 1404 in
548 1357 592 1409 eo
609 1328 729 1425 posita
747 1328 858 1402 fuisse
875 1331 1043 1418 videtur,
1066 1350 1111 1403 ut
1125 1333 1295 1427 primum
1322 1324 1602 1407 conditionemx
1616 1339 1722 1408 suam
1747 1354 1847 1409 recte
1873 1361 2015 1435 cogno·

259 1455 401 1540 sceret,
431 1449 572 1527 deinde
593 1470 684 1522 vero
711 1447 781 1522 hac
808 1450 1110 1523 conditione-ita
1135 1450 1345 1547 prudenter
1370 1470 1408 1523 et
1432 1455 1626 1527 moderate
1652 1456 1696 1528 in
1723 1480 1851 1528 rerum
1870 1440 2013 1528 'viculi-

142 1565 145 1569 '
259 1573 393 1644 tudine
420 1587 533 1665 atque
559 1567 849 1664 'perturbatione
876 1586 1068 1656 uteretur,
1104 1587 1149 1640 ιιι
1173 1570 1312 1641 Franci
1335 1568 1406 1668 ipfi
1442 1568 1693 1647 necessitatem
1718 1574 1911 1678 Maiorem
1945 1573 2012 1646 do·

258 1716 344 1764 mus
370 1691 414 1760 in
434 1688 757 1784 Merovingorum
776 1687 908 1756 locum
936 1685 1197 1802 subrogandi
1194 1687 1379 1760 sentirent
1404 1705 1517 1784 atque
1543 1690 1817 1789 intelligerent.
1871 1697 2013 1763 Utrum

255 1808 531 1882 veroMaiores
559 1803 696 1872 domus
722 1805 784 1872 vel
811 1803 886 1870 ab'
875 1803 1006 1886 mitio,
1035 1807 1098 1873 vel
1123 1829 1216 1874 vero
1246 1807 1361 1875 etiam
1387 1832 1433 1875 ex
1460 1833 1537 1900 quo
1564 1803 1726 1910 Pippini
1751 1798 1826 1881 hoc
1853 1832 2012 1881 munere
2073 1864 2081 1874 .

256 1925 538 2020 fungebantur,
588 1936 688 1992 certo
717 1918 883 2014 quodam
911 1916 1067 1990 consilio
1096 1919 1143 1989 ad
1169 1920 1333 2029 regalem
1366 1916 1588 2014 potestatem
1624 1923 1695 1995 fibi
1732 1925 2011 2026 vindicandam
2083 2016 2088 2025 ρ
2116 1961 2120 1967 >
2151 2012 2162 2020 ,

162 2103 168 2111 .
256 2043 444 2138 certisque
472 2036 574 2136 quasi
601 2037 833 2110 rationibus
844 2034 898 2107 uli
925 2035 1094 2141 fuerint,
1130 2061 1201 2110 nec
1225 2061 1296 2124 ne,
1334 2035 1380 2109 de
1406 2037 1480 2111 hoc
1508 2040 1595 2111 sane
1622 2041 1849 2136 disceptatio
1878 2063 1915 2116 et
1941 2043 2009 2116 du·
2025 2104 2031 2124 .
2087 2123 2096 2139 ,

253 2162 390 2234 bitatio
410 2183 560 2238 meren
546 2151 709 2261 potest.
747 2154 947 2252 Equidem
954 2137 1083 2226 tamen
1103 2157 1148 2228 de
1166 2156 1392 2229 huiusmodi
1415 2154 1573 2230 consilio
1599 2157 1923 2257 vehementissime
1941 2163 2008 2235 dn-

253 2279 417 2349 bitarim.
464 2273 591 2348 Obstat
609 2275 797 2356 nimirum
822 2272 1061 2373 singulorum
1086 2273 1284 2351 Maiorum
1310 2274 1481 2347 domus
1469 2275 1720 2376 ingeniorum
1739 2280 1923 2372 quaedam
1951 2279 2008 2350 di·

252 2395 415 2481 ιειΓιιιε,
448 2420 542 2492 quae
569 2394 756 2466 diversam
781 2393 982 2467 necessario
1019 2411 1057 2465 et
1091 2390 1278 2463 sentiendi
1308 2409 1345 2463 et
1380 2393 1517 2490 agendi
1554 2393 1745 2466 rationem
1770 2397 2004 2488 procreabat.

251 2517 360 2589 Alius
381 2515 486 2587 enim
511 2512 718 2610 prudenter
744 2530 782 2582 et
807 2513 1011 2594 moderate,
1038 2511 1135 2605 alius
1157 2510 1297 2580 temere
1324 2527 1362 2579 et
1387 2501 1684 2612 intemperanter
1710 2537 1817 2609 agere
1844 2514 2002 2600 solebat,

250 2627 291 2706 et¹
320 2627 373 2703 ito
402 2636 479 2727 quo
508 2654 696 2724 quemque
721 2625 1049 2721 ingenii'indoles
1077 2640 1275 2731 etmatura
1300 2622 1456 2710 serebat,
1496 2649 1542 2697 eo
1569 2628 1672 2698 haud
1697 2630 1850 2704 invitus
1872 2630 2004 2728 seque·

247 2752 371 2822 batur.
424 2747 583 2842 Pippini
609 2761 736 2814 autem
762 2741 960 2839 egerintne
983 2765 1030 2811 ex
1055 2739 1166 2812 certis
1183 2740 1411 2822 rationibus,
1439 2740 1541 2813 infra
1575 2740 1730 2818 facilius
1758 2745 2004 2837 demonstrari

149 2894 152 2899 ’
246 2862 376 2964 potest.
439 2848 581 2961 Negari
617 2862 703 2934 sane
728 2859 887 2955 nequit,
924 2858 1040 2932 nobis
1076 2880 1195 2930 nunc·
1223 2857 1379 2954 quidem
1412 2865 1535 2932 totam
1577 2861 1686 2932 illam
1722 2880 1884 2936 aetatem
1917 2890 1999 2939 uno

247 2981 349 3083 quast
375 2981 554 3077 adspectu
580 2977 903 3052 considerantibus
930 2977 1147 3075 mentisque
1172 2977 1281 3052 velut
1307 2977 1430 3050 oculis
1448 2975 1767 3079 perlustrantibus
1787 2982 1894 3079 genti
1912 2983 2000 3078 Pip.

246 3104 427 3199 pinianae
455 3123 659 3173 commune
685 3095 889 3195 quoddam·
904 3113 945 3170 et
969 3114 1114 3168 certum
1134 3093 1243 3167 fuisse
1260 3094 1385 3171 videri
1404 3094 1617 3171 consilium.
1653 3098 1705 3170 At
1722 3098 1826 3177 haud
1841 3125 1925 3199 roro
1945 3100 1998 3190 id,

238 3206 350 3319 ¹quod
376 3217 535 3292 confilio
562 3214 741 3296 effectum
766 3214 875 3289 fuisse
899 3216 1087 3304 videtur,
1107 3238 1154 3289 ex
1180 3235 1309 3288 rerum
1332 3230 1471 3290 nattua
1489 3215 1609 3314 ‘atque
1634 3212 1845 3292 necessitate
1871 3217 1995 3316 enpli-

126 3374 127 3379 ¹
246 3339 411 3412 candrun
436 3336 529 3427 esse,
556 3361 672 3410 nemo
698 3334 867 3436 negabit.
895 3369 947 3391 -
994 3358 1006 3410 ῑ·

1066 3541 1103 3638 5.
1131 3566 1167 3618 ι.

342 3694 630 3795 Inquirentibus
656 3697 772 3772 nobis
798 3721 928 3785 nunc,
954 3699 1145 3794 quantum
1169 3693 1338 3768 Maiores
1366 3696 1504 3770 domus
1530 3693 1600 3794 ipsi
1627 3698 1675 3771 ad
1700 3693 1992 3793 comparandam

239 3815 307 3889 libi
334 3819 498 3918 regalem
524 3810 746 3914 potestatem
771 3815 1017 3900 contulerint,
1046 3815 1092 3886 de
1117 3814 1167 3888 iis
1194 3831 1347 3887 tantum
1373 3817 1420 3888 ex
1439 3813 1505 3916 ¹his
1532 3812 1853 3888 ministerialibus*
1871 3838 1988 3913 agen·

240 3938 333 4007 dum
354 3937 448 4024 erit,
477 3935 546 4034 qui
582 3937 628 4007 ad
654 3937 819 4032 primam
845 3935 1016 4031 ipsorum
1042 3933 1306 4006 conditionem
1333 3931 1502 4006 omnino
1532 3931 1815 4005 immutandam
1841 3948 1879 4004 et
1904 3949 1990 4027 pot·

223 4049 389 4126 estatem
406 4046 628 4156 'augendam
654 4052 800 4150 aliquid
826 4051 1028 4144 valuerint.
1084 4057 1323 4148 Quapropter
1349 4049 1396 4121 de
1422 4036 1485 4136 ιιι,
1513 4050 1582 4145 qui
1600 4051 1717 4144 primi
1742 4049 1785 4121 in
1811 4047 1988 4124 fontibus

235 4172 500 4266 nominantur,
528 4175 575 4246 de
602 4173 838 4270 quibusque,
873 4164 1022 4266 praeter
1047 4190 1206 4255 nomen,
1233 4167 1337 4240 nihil
1360 4165 1443 4240 sere
1467 4167 1532 4238 vel
1557 4190 1641 4238 non
1649 4220 1662 4256 ,
1687 4165 1759 4241 nifi
1785 4167 1877 4241 talia
1901 4190 1987 4266 nar·

234 4304 385 4375 rantur,
404 4270 532 4387 qualia
554 4293 697 4388 partim
721 4289 866 4363 leviora
892 4313 961 4385 per
986 4288 1034 4375 se,
1063 4287 1203 4384 partim
1229 4287 1345 4359 etiam
1378 4283 1585 4358 incertiora
1611 4303 1651 4357 et
1675 4287 1984 4378 obscurioraap·

231 4423 389 4502 parent,
434 4432 549 4502 qnam
574 4430 683 4504 quaes
698 4409 744 4481 ad
769 4408 940 4504 priorem
965 4401 1186 4505 potestatem
1212 4404 1427 4504 augendam
1451 4402 1574 4504 mults
1600 4389 1803 4478 contulisse
1827 4403 1984 4474 videan-

232 4541 305 4612 tur,
332 4523 432 4596 nihil
457 4517 590 4612 habeo,
619 4524 724 4626 quod
750 4525 938 4611 adiiciam.
989 4531 1185 4596 Ponamus
1211 4522 1327 4612 enim,
1356 4506 1467 4611 illud,
1494 4522 1600 4622 quod
1624 4519 1878 4633 Badechisdus
1902 4518 1982 4617 epi·
