4590 5364
1055 288 1257 377 2¹86
1359 258 1549 365 ‘m'

363 506 488 604 galam
517 499 747 602 dignitatem
767 476 877 570 haud
902 495 1023 572 inviti
1057 483 1326 584 concesserint,
1353 489 1652 580 Neustrasionrm
1677 511 1807 571 tamen
1831 497 1916 569 nori
1940 484 2107 575 minima
2151 536 2156 543 =
2244 594 2247 598 Ι

329 713 332 718 ¹
363 650 449 723 pars
496 623 565 695 vix
602 643 721 714 aequo
749 617 879 689 animo
907 616 989 689 eius
1015 616 1223 712 imperium
1248 615 1502 711 pertulerint,
1541 615 1650 687 cuius
1677 616 1862 690 virtutem
1895 640 2002 698 non,
2038 614 2137 705 nisi.

363 743 458 815 victi
492 753 739 838 agnoverant.
800 735 925 830 Atque
956 733 1029 807 nist
1051 734 1245 808 omnibus
1280 734 1434 807 Francis
1458 733 1810 837 consentientibus,
1839 732 2110 809 difficillimum

323 858 476 957 flerat,
491 856 732 954 Merovingis
758 871 962 949 paternum
989 877 1154 951 regnum
1181 854 1334 948 eripere.
1397 858 1533 951 Pugna
1567 838 1814 927 Textricierisr
1853 878 1945 929 vero
1983 855 2111 933 omnia
2198 901 2209 913 =

362 973 634 1050 Austrasrorum
671 991 710 1045 et
744 968 1043 1076 Neustrasrorum
1077 958 1271 1045 consensio
1310 988 1348 1043 et
1373 970 1476 1066 quafi
1503 969 1708 1045 concordia
1733 973 1847 1068 plane
1873 972 1996 1069 deleta
2015 989 2111 1070 erat,

282 1086 289 1101 ’
363 1117 485 1191 usque
500 1080 665 1164 'tarrdem
692 1115 897 1187 commune
922 1091 1137 1186 periculum
1163 1090 1343 1164 omnium
1368 1095 1605 1163 Francorum
1626 1089 1780 1165 animos
1806 1092 1947 1178 denuo,
1975 1093 2113 1167 Carolo

358 1212 543 1288 Marcello
580 1213 695 1297 duce,
741 1210 789 1281 ad
822 1209 1008 1283 libertatis
1044 1209 1332 1299 conservandae
1347 1204 1513 1282 studium
1539 1206 1795 1283 'consociabat
1858 1216 1995 1306 Neque
2030 1210 2113 1283 Gri-

357 1331 508 1404 moaldi
534 1329 710 1421 audaciae
735 1327 949 1401 recordatio
976 1353 1024 1402 ex
1050 1329 1228 1415 omnium
1251 1328 1391 1400 animis
1417 1345 1645 1414 evanuerat3
1674 1346 1713 1401 et
1737 1327 1902 1402 Ebroini
1916 1328 2110 1404 temeritas

364 1449 575 1543 Pippinum
613 1448 834 1532 edocuerat,
873 1462 1056 1542 quantam
1082 1439 1251 1519 'civitati
1300 1448 1564 1520 calamitatem
1597 1447 1894 1544 intemperantia
1927 1447 2109 1521 attulerit.

365 1565 623 1664 Quamobrem
656 1566 848 1665 Pippinus
882 1565 1100 1660 praesertim
1138 1564 1184 1653 id
1215 1556 1327 1665 egisse
1351 1566 1523 1653 videtur,
1563 1584 1627 1652 ut,
1667 1566 1891 1663 priusquam
1915 1564 1986 1641 libi
2008 1567 2111 1641 suae·

364 1711 437 1782 que
464 1685 572 1785 genti
597 1684 785 1783 regnum,
813 1683 961 1756 civitati
987 1683 1146 1757 salutem
1173 1703 1420 1780 compararetr
1447 1710 1540 1759 nam
1564 1681 1637 1757 nisi
1663 1683 1765 1777 salva
1791 1684 1965 1773 civitate,
1992 1686 2112 1782 irnpe-

226 1854 230 1861 -
356 1805 465 1876 ranti
491 1803 793 1894 imperium-nec
821 1798 988 1884 salvum,
1023 1826 1095 1871 neo
1119 1803 1335 1872 iucundum
1362 1826 1535 1894 unquam
1560 1792 1630 1873 esse
1655 1798 1788 1897 potest.
1823 1803 2112 1892 ‚Nihilominus

363 1941 491 1992 tamen
525 1917 665 1990 eximia
705 1914 888 2012 quaedam
922 1918 1124 2011 prudentia
1142 1916 1304 2013 Pippini
1329 1917 1374 1988 in
1392 1918 1647 2012 comparanda
1671 1943 1756 1992 non
1776 1936 1857 1991 tam
1876 1919 1965 2009 sabi,
1997 1945 2129 2019 quam.

358 2040 469 2138 genti
496 2038 582 2111 suae
608 2035 726 2132 regali
750 2030 929 2129 potestate
957 2036 1043 2109 satia
1079 2035 1213 2109 eluxit.
1278 2037 1391 2131 Quod
1417 2035 1522 2106 enim
1547 2031 1702 2129 posthac
1727 2035 1903 2132 persaepe
1929 2039 1979 2111 ad
2003 2039 2111 2135 prin·

364 2160 493 2252 cipum
518 2148 738 2249 potestatem
764 2153 976 2257 augendam
1003 2170 1040 2223 et
1073 2153 1237 2249 gloriam
1263 2151 1569 2244 amplificandam
1593 2157 1831 2246 permultum
1857 2158 2043 2248 contulit,
2071 2158 2113 2231 id

365 2291 600 2369 quantopere
638 2267 686 2340 ad
721 2269 858 2341 domus
886 2268 973 2341 suae
998 2264 1222 2364 potestatem
1246 2263 1509 2341 stabiliendam
1534 2270 1680 2355 valeat,
1718 2270 1907 2368 Pippinua
1934 2271 2111 2346 Heristal·

360 2389 475 2464 sensis
509 2390 588 2461 iam
620 2405 716 2475 tunc
751 2387 899 2484 optime
936 2384 1152 2483 perspexit.'
1204 2393 1301 2458 Cum
1334 2386 1524 2459 nimirum
1555 2388 1633 2459 duo
1668 2387 1840 2483 Pippino
1879 2387 1953 2463 filii
1979 2387 2109 2479 essent,

364 2516 498 2608 Drogo
527 2525 564 2579 et
591 2494 854 2591 Grimoaldus,
881 2511 1109 2601 Drogonem
1135 2505 1303 2598 quidem,
1332 2521 1430 2576 natu
1453 2505 1649 2590 maiorem,
1674 2506 2021 2604 Burgundionibus
2042 2508 2112 2580 du·

367 2652 449 2702 cem
475 2623 752 2720 praeponebat,
791 2621 923 2716 eique,
951 2637 996 2693 ut
1020 2619 1343 2718 Burgundionum
1368 2620 1520 2694 animoa
1546 2619 1616 2694 sibi
1641 2623 1889 2717 reconciliet,
1914 2627 2112 2716 Bertharii,

367 2727 563 2841 quondam
589 2739 751 2812 Maioris
778 2740 936 2826 domus,
963 2737 1147 2824 viduam,
1175 2738 1413 2812 Warattonia
1439 2736 1570 2827 liliam,
1595 2765 1757 2814 uxorem
1781 2742 2033 2842 adiungebat3
2046 2747 2112 2819 al·

365 2882 491 2935 terum
518 2848 805 2943 Grimoaldum,
841 2856 1023 2931 defuncto
1050 2857 1281 2939 Nortberto,
1317 2852 1615 2937 Neustrafiorum
1639 2860 1831 2935 Maiorem
1855 2861 1994 2935 domus
2021 2839 2113 2939 con·

361 2977 537 3053 siituebat
571 2976 765 3073 filiamque
799 2974 998 3062 Radbodi,
1025 2974 1241 3049 Frisronum
1279 2975 1409 3063 ducis,
1448 2976 1485 3053 ei
1524 2977 1570 3051 in
1604 2978 1901 3053 matrimonium
1937 2981 2050 3055 dabat
2060 2973 2110 3074 ⁴).

365 3099 487 3173 Sicuti
519 3118 611 3170 vero
634 3086 721 3168 boc
745 3096 863 3168 modo
892 3118 1027 3169 eorum
1053 3116 1100 3167 ex
1128 3091 1360 3182 Neustrasris,
1386 3095 1456 3190 qui
1480 3095 1669 3193 Bertharii
1694 3114 1820 3192 partes
1846 3098 1966 3173 secuti
1990 3117 2109 3187 erant,

359 3219 622 3292 inveteratum
647 3231 781 3286 contra
805 3215 1015 3309 Pippinum
1041 3210 1173 3285 odium
1200 3212 1486 3309 quodammodo
1512 3213 1838 3310 compescebatur,
1882 3217 1936 3290 ita
1959 3214 2111 3293 Radbe-

358 3337 458 3420 dus,
496 3356 573 3430 quo
609 3333 742 3404 nullus
776 3332 930 3404 Francis
956 3329 1202 3427 periculosior
1226 3356 1399 3428 unquam
1423 3329 1549 3407 fuerat
1572 3333 1776 3422 inimicus,
1812 3358 1920 3409 nunc
1943 3335 2111 3432 Pippino

360 3424 511 3536 ¹aulicus
547 3468 587 3523 et
620 3453 783 3546 populo¹
803 3447 906 3546 quasi
932 3448 1054 3523 socius
1091 3445 1332 3524 efficiebatur.
1397 3453 1512 3548 Quod
1536 3452 1657 3549 igitur
1681 3453 1850 3550 Pippino
1876 3449 2109 3549 potestatem,
2204 3540 2208 3545 Ι

366 3564 472 3641 idem‘
501 3569 655 3641 Francis
690 3592 822 3663 pacem
856 3584 902 3651 et
928 3568 1087 3641 salutem
1122 3570 1366 3665 comparabat
1401 3586 1515 3666 atque
1549 3568 1809 3645 confirmabat.
1861 3576 1914 3647 Et
1935 3573 2009 3644 hoc
2034 3587 2113 3642 erat

367 3689 445 3760 iant
482 3680 704 3760 senescentis
741 3682 983 3762 certissimum
1017 3686 1200 3763 solatium
1213 3712 1231 3773 ,·
1261 3686 1366 3782 quod
1400 3688 1498 3762 duoa
1535 3689 1767 3785 relinqueret
1792 3689 1896 3765 lilios
1920 3683 2111 3784 potestatis

367 3808 454 3880 suae
479 3800 507 3876 si
532 3828 615 3877 non
641 3805 829 3890 haeredes,
857 3800 1077 3878 successores
1104 3821 1213 3881 eene.
1264 3805 1388 3877 Aliter
1413 3823 1543 3881 tamen
1568 3808 1694 3881 visum
1714 3804 1764 3882 cst
1782 3806 1971 3894 fortunae,
1994 3832 2110 3904 quam

368 3924 566 4019 Pippin03,
582 3940 741 4020 uterque
767 3923 872 3997 enirn
896 3920 1025 4009 filius,
1064 3922 1109 3995 in
1143 3947 1241 4020 quoa
1266 3948 1350 3997 non
1376 3922 1494 3998 modo
1519 3944 1636 4022 pater,
1665 3924 1728 3999 sed
1752 3924 1924 4020 optimus
1950 3925 2112 4024 quisque

368 4047 602 4114 Francorum
627 4041 732 4138 spem
758 4039 865 4112 suam
891 4041 1077 4136 posuerat,
1105 4041 1206 4138 patri
1231 4043 1354 4129 'adhuc
1379 4039 1568 4138 superstiti
1593 4045 1797 4117 immatura
1824 4060 1950 4117 morte
1977 4046 2110 4141 eripie-

366 4158 531 4243 bantur3
550 4151 585 4250 ⁵)
613 4177 651 4232 et
677 4159 918 4232 Grimoaldus
944 4159 1020 4246 ita,
1056 4155 1101 4233 ut
1125 4160 1265 4234 mortis
1290 4160 1371 4257 ipsa
1396 4161 1496 4234 ratio
1521 4179 1668 4259 patrem
1693 4161 1851 4253 summo¹
1871 4163 2004 4237 dolore
2030 4187 2112 4258 per·

368 4292 520 4350 cuteret.
583 4277 887 4357 luterficiebatur
920 4279 1025 4352 enim
1062 4277 1208 4374 perfido
1243 4280 1364 4353 modo
1390 4277 1438 4352 ad
1463 4298 1609 4375 patrem
1625 4282 1734 4354 -mala
1759 4281 1980 4357 valetudine
2004 4280 2109 4353 labos

368 4410 516 4467 tantem
541 4387 850 4503 prosectu'ruaf),
878 4413 923 4483 ¹et
956 4396 1100 4472 etiams
1125 4398 1244 4471 senile
1269 4416 1402 4495 pectus
1425 4396 1501 4472 filii
1527 4417 1805 4496 praematuram
1829 4417 1994 4476 mortem
2027 4422 2110 4493 per·

368 4511 467 4587 ferre
490 4509 627 4608 pollet,
654 4524 855 4614 propterei
877 4534 1014 4593 tenren.
1030 4515 1222 4610 Pippinue
1247 4517 1291 4589 in
1316 4516 1461 4593 intimo
1488 4534 1640 4610 pectore
1664 4511 1984 4596 vehementissime
2010 4539 2113 4591 com·
2221 4585 2229 4595 .
