<?xml version="1.0" encoding="UTF-8"?>
<!DOCTYPE html PUBLIC "-//W3C//DTD XHTML 1.0 Transitional//EN"
    "http://www.w3.org/TR/xhtml1/DTD/xhtml1-transitional.dtd">
<html xmlns="http://www.w3.org/1999/xhtml" xml:lang="en" lang="en">
 <head>
  <title>
</title>
<meta http-equiv="Content-Type" content="text/html;charset=utf-8" />
  <meta name='ocr-system' content='tesseract 3.04.00' />
  <meta name='ocr-capabilities' content='ocr_page ocr_carea ocr_par ocr_line ocrx_word'/>
</head>
<body>
  <div class='ocr_page' id='page_1' title='image "./commentatiohist00zinkgoog_0014.png"; bbox 0 0 4590 5364; ppageno 0'>
   <div class='ocr_carea' id='block_1_1' title="bbox 990 372 1323 445">
    <p class='ocr_par' dir='ltr' id='par_1_1' title="bbox 990 372 1323 445">
     <span class='ocr_line' id='line_1_1' title="bbox 990 372 1323 445; baseline 0 -35"><span class='ocrx_word' id='word_1_1' title='bbox 990 372 1323 445; x_wconf 72' lang='lat'><strong>..,...</strong></span> 
     </span>
    </p>
   </div>
   <div class='ocr_carea' id='block_1_2' title="bbox 156 536 2091 1954">
    <p class='ocr_par' dir='ltr' id='par_1_2' title="bbox 156 536 2091 1954">
     <span class='ocr_line' id='line_1_2' title="bbox 279 536 2024 658; baseline -0.005 -20"><span class='ocrx_word' id='word_1_2' title='bbox 279 565 406 638; x_wconf 87' lang='lat' dir='ltr'><strong>cautio</strong></span> <span class='ocrx_word' id='word_1_3' title='bbox 425 557 478 636; x_wconf 81' lang='lat' dir='ltr'><strong>est</strong></span> <span class='ocrx_word' id='word_1_4' title='bbox 491 536 714 635; x_wconf 72' lang='lat' dir='ltr'><strong>adhibenda.</strong></span> <span class='ocrx_word' id='word_1_5' title='bbox 752 539 961 636; x_wconf 72' lang='lat' dir='ltr'><strong>Verilimile</strong></span> <span class='ocrx_word' id='word_1_6' title='bbox 980 556 1087 633; x_wconf 88' lang='lat' dir='ltr'><strong>enim</strong></span> <span class='ocrx_word' id='word_1_7' title='bbox 1113 554 1175 647; x_wconf 82' lang='lat' dir='ltr'><strong>est,</strong></span> <span class='ocrx_word' id='word_1_8' title='bbox 1201 556 1403 655; x_wconf 78' lang='lat' dir='ltr'>scriptores</span> <span class='ocrx_word' id='word_1_9' title='bbox 1429 558 1578 632; x_wconf 84' lang='lat' dir='ltr'><strong>ultimis</strong></span> <span class='ocrx_word' id='word_1_10' title='bbox 1595 554 1837 658; x_wconf 83' lang='lat' dir='ltr'><strong>Merovingis</strong></span> <span class='ocrx_word' id='word_1_11' title='bbox 1864 579 2024 656; x_wconf 81' lang='lat' dir='ltr'><strong>regnan-</strong></span> 
     </span>
     <span class='ocr_line' id='line_1_3' title="bbox 156 669 2075 775; baseline -0.004 -19"><span class='ocrx_word' id='word_1_12' title='bbox 156 669 161 678; x_wconf 71' lang='grc'><strong><em>’</em></strong></span> <span class='ocrx_word' id='word_1_13' title='bbox 277 677 395 756; x_wconf 76' lang='lat' dir='ltr'><strong>tibus</strong></span> <span class='ocrx_word' id='word_1_14' title='bbox 410 682 529 754; x_wconf 88' lang='lat' dir='ltr'><strong>alium</strong></span> <span class='ocrx_word' id='word_1_15' title='bbox 556 680 654 753; x_wconf 83' lang='lat' dir='ltr'><strong>aliua</strong></span> <span class='ocrx_word' id='word_1_16' title='bbox 681 676 858 752; x_wconf 82' lang='lat' dir='ltr'><strong>secutum</strong></span> <span class='ocrx_word' id='word_1_17' title='bbox 877 670 987 752; x_wconf 84' lang='lat' dir='ltr'><strong>fuillc</strong></span> <span class='ocrx_word' id='word_1_18' title='bbox 1011 695 1166 775; x_wconf 81' lang='lat' dir='ltr'><strong>partes,</strong></span> <span class='ocrx_word' id='word_1_19' title='bbox 1173 702 1301 774; x_wconf 85' lang='lat' dir='ltr'><strong>neque</strong></span> <span class='ocrx_word' id='word_1_20' title='bbox 1327 702 1557 775; x_wconf 84' lang='lat' dir='ltr'><strong>quemquem</strong></span> <span class='ocrx_word' id='word_1_21' title='bbox 1580 678 1747 773; x_wconf 85' lang='lat' dir='ltr'><strong>partium</strong></span> <span class='ocrx_word' id='word_1_22' title='bbox 1762 674 1884 750; x_wconf 82' lang='lat' dir='ltr'><strong>studio</strong></span> <span class='ocrx_word' id='word_1_23' title='bbox 1910 677 2025 773; x_wconf 84' lang='lat' dir='ltr'><strong>plane</strong></span> <span class='ocrx_word' id='word_1_24' title='bbox 2069 698 2075 705; x_wconf 89' lang='grc'>’</span> 
     </span>
     <span class='ocr_line' id='line_1_4' title="bbox 159 780 2024 915; baseline -0.004 -42"><span class='ocrx_word' id='word_1_25' title='bbox 159 780 166 788; x_wconf 47' lang='grc'><strong>’</strong></span> <span class='ocrx_word' id='word_1_26' title='bbox 275 799 487 897; x_wconf 81' lang='lat' dir='ltr'><strong>liberatum</strong></span> <span class='ocrx_word' id='word_1_27' title='bbox 506 795 695 915; x_wconf 64' lang='lat' dir='ltr'><strong>[applille</strong></span> <span class='ocrx_word' id='word_1_28' title='bbox 706 797 879 880; x_wconf 80' lang='lat' dir='ltr'><strong>arbitror.</strong></span> <span class='ocrx_word' id='word_1_29' title='bbox 923 798 1043 894; x_wconf 85' lang='lat' dir='ltr'><strong>Quod</strong></span> <span class='ocrx_word' id='word_1_30' title='bbox 1067 795 1178 868; x_wconf 88' lang='lat' dir='ltr'><strong>nifi</strong></span> <span class='ocrx_word' id='word_1_31' title='bbox 1166 815 1220 869; x_wconf 84' lang='grc' dir='ltr'><strong>ιιι</strong></span> <span class='ocrx_word' id='word_1_32' title='bbox 1255 793 1410 875; x_wconf 73' lang='lat' dir='ltr'><strong>fuiss&#39;et.</strong></span> <span class='ocrx_word' id='word_1_33' title='bbox 1445 797 1641 893; x_wconf 89' lang='lat' dir='ltr'><strong>quomodo</strong></span> <span class='ocrx_word' id='word_1_34' title='bbox 1677 795 1908 913; x_wconf 82' lang='lat' dir='ltr'><strong>scriptorum</strong></span> <span class='ocrx_word' id='word_1_35' title='bbox 1940 795 2024 866; x_wconf 88' lang='lat' dir='ltr'><strong>illo·</strong></span> 
     </span>
     <span class='ocr_line' id='line_1_5' title="bbox 233 886 2024 1020; baseline -0.005 -30"><span class='ocrx_word' id='word_1_36' title='bbox 233 962 234 966; x_wconf 60' lang='lat'><em>=</em></span> <span class='ocrx_word' id='word_1_37' title='bbox 278 942 367 990; x_wconf 85' lang='lat' dir='ltr'><strong>rum</strong></span> <span class='ocrx_word' id='word_1_38' title='bbox 405 886 451 989; x_wconf 76' lang='lat' dir='ltr'><strong>rie</strong></span> <span class='ocrx_word' id='word_1_39' title='bbox 486 891 617 1020; x_wconf 64' lang='lat' dir='ltr'><strong>cariem</strong></span> <span class='ocrx_word' id='word_1_40' title='bbox 651 940 691 989; x_wconf 88' lang='lat' dir='ltr'><strong>re</strong></span> <span class='ocrx_word' id='word_1_41' title='bbox 725 933 802 988; x_wconf 90' lang='lat' dir='ltr'><strong>tam</strong></span> <span class='ocrx_word' id='word_1_42' title='bbox 839 905 1006 988; x_wconf 81' lang='lat' dir='ltr'><strong>diversae</strong></span> <span class='ocrx_word' id='word_1_43' title='bbox 1040 933 1078 987; x_wconf 87' lang='lat' dir='ltr'><strong>et</strong></span> <span class='ocrx_word' id='word_1_44' title='bbox 1111 912 1307 1020; x_wconf 84' lang='lat' dir='ltr'><strong>interdum</strong></span> <span class='ocrx_word' id='word_1_45' title='bbox 1342 913 1445 985; x_wconf 91' lang='lat' dir='ltr'><strong>inter</strong></span> <span class='ocrx_word' id='word_1_46' title='bbox 1471 914 1506 987; x_wconf 90' lang='lat' dir='ltr'><strong>se</strong></span> <span class='ocrx_word' id='word_1_47' title='bbox 1540 932 1795 1012; x_wconf 78' lang='lat' dir='ltr'><strong>repugnantes</strong></span> <span class='ocrx_word' id='word_1_48' title='bbox 1834 908 1926 984; x_wconf 86' lang='lat' dir='ltr'><strong>adeo</strong></span> <span class='ocrx_word' id='word_1_49' title='bbox 1962 938 2024 984; x_wconf 89' lang='lat' dir='ltr'><strong>ex-</strong></span> 
     </span>
     <span class='ocr_line' id='line_1_6' title="bbox 218 1028 2024 1132; baseline -0.002 -30"><span class='ocrx_word' id='word_1_50' title='bbox 218 1096 223 1102; x_wconf 84' lang='grc'><em>,</em></span> <span class='ocrx_word' id='word_1_51' title='bbox 277 1035 415 1130; x_wconf 86' lang='lat' dir='ltr'><strong>plicari</strong></span> <span class='ocrx_word' id='word_1_52' title='bbox 440 1033 588 1129; x_wconf 80' lang='lat' dir='ltr'>possent</span> <span class='ocrx_word' id='word_1_53' title='bbox 614 1031 851 1106; x_wconf 74' lang='lat' dir='ltr'><strong>sententiae?</strong></span> <span class='ocrx_word' id='word_1_54' title='bbox 902 1038 991 1106; x_wconf 85' lang='lat' dir='ltr'><strong>Hoc</strong></span> <span class='ocrx_word' id='word_1_55' title='bbox 1015 1051 1114 1105; x_wconf 90' lang='lat' dir='ltr'><strong>certe</strong></span> <span class='ocrx_word' id='word_1_56' title='bbox 1139 1034 1272 1132; x_wconf 87' lang='lat' dir='ltr'><strong>nega&#39;ri</strong></span> <span class='ocrx_word' id='word_1_57' title='bbox 1296 1028 1456 1129; x_wconf 89' lang='lat' dir='ltr'><strong>nequit,</strong></span> <span class='ocrx_word' id='word_1_58' title='bbox 1493 1035 1681 1128; x_wconf 85' lang='lat' dir='ltr'><strong>permulta</strong></span> <span class='ocrx_word' id='word_1_59' title='bbox 1708 1029 1841 1103; x_wconf 82' lang='lat' dir='ltr'><strong>abhis</strong></span> <span class='ocrx_word' id='word_1_60' title='bbox 1869 1030 2024 1124; x_wconf 82' lang='lat' dir='ltr'><strong>scripto·</strong></span> 
     </span>
     <span class='ocr_line' id='line_1_7' title="bbox 275 1145 2026 1250; baseline -0.008 -21"><span class='ocrx_word' id='word_1_61' title='bbox 275 1153 382 1229; x_wconf 78' lang='lat' dir='ltr'><strong>tibus</strong></span> <span class='ocrx_word' id='word_1_62' title='bbox 418 1150 467 1224; x_wconf 86' lang='lat' dir='ltr'><strong>ad</strong></span> <span class='ocrx_word' id='word_1_63' title='bbox 486 1150 748 1248; x_wconf 9' lang='lat' dir='ltr'><strong>oenomaum.</strong></span> <span class='ocrx_word' id='word_1_64' title='bbox 764 1152 1059 1250; x_wconf 75' lang='lat' dir='ltr'><strong>Carolingorum</strong></span> <span class='ocrx_word' id='word_1_65' title='bbox 1082 1149 1262 1225; x_wconf 82' lang='lat' dir='ltr'><strong>favorem.</strong></span> <span class='ocrx_word' id='word_1_66' title='bbox 1290 1153 1392 1224; x_wconf 85' lang='lat' dir='ltr'><strong>dicta</strong></span> <span class='ocrx_word' id='word_1_67' title='bbox 1428 1147 1539 1224; x_wconf 80' lang='lat' dir='ltr'><strong>fuille</strong></span> <span class='ocrx_word' id='word_1_68' title='bbox 1564 1148 1698 1224; x_wconf 88' lang='lat' dir='ltr'><strong>videri.</strong></span> <span class='ocrx_word' id='word_1_69' title='bbox 1753 1145 1883 1245; x_wconf 65' lang='lat' dir='ltr'><strong>Quid?</strong></span> <span class='ocrx_word' id='word_1_70' title='bbox 1923 1145 2026 1242; x_wconf 85' lang='lat' dir='ltr'><strong>quod</strong></span> 
     </span>
     <span class='ocr_line' id='line_1_8' title="bbox 275 1265 2091 1370; baseline -0.004 -29"><span class='ocrx_word' id='word_1_71' title='bbox 275 1269 492 1368; x_wconf 81' lang='lat' dir='ltr'><strong>Carolingis</strong></span> <span class='ocrx_word' id='word_1_72' title='bbox 520 1271 599 1342; x_wconf 89' lang='lat' dir='ltr'><strong>iam</strong></span> <span class='ocrx_word' id='word_1_73' title='bbox 625 1269 877 1370; x_wconf 81' lang='lat' dir='ltr'><strong>regnantibus</strong></span> <span class='ocrx_word' id='word_1_74' title='bbox 904 1287 990 1343; x_wconf 87' lang='lat' dir='ltr'><strong>tum</strong></span> <span class='ocrx_word' id='word_1_75' title='bbox 1018 1271 1223 1356; x_wconf 89' lang='lat' dir='ltr'><strong>mutando,</strong></span> <span class='ocrx_word' id='word_1_76' title='bbox 1264 1287 1348 1341; x_wconf 86' lang='lat' dir='ltr'><strong>tum</strong></span> <span class='ocrx_word' id='word_1_77' title='bbox 1374 1268 1576 1357; x_wconf 84' lang='lat' dir='ltr'><strong>demendo,</strong></span> <span class='ocrx_word' id='word_1_78' title='bbox 1604 1286 1696 1340; x_wconf 66' lang='lat' dir='ltr'><strong>tum⁴</strong></span> <span class='ocrx_word' id='word_1_79' title='bbox 1716 1265 1880 1363; x_wconf 86' lang='lat' dir='ltr'><strong>denique</strong></span> <span class='ocrx_word' id='word_1_80' title='bbox 1906 1265 2024 1353; x_wconf 79' lang='lat' dir='ltr'><strong>inter·</strong></span> <span class='ocrx_word' id='word_1_81' title='bbox 2084 1283 2091 1293; x_wconf 82' lang='lat'><em>·</em></span> 
     </span>
     <span class='ocr_line' id='line_1_9' title="bbox 274 1376 2083 1488; baseline -0.005 -28"><span class='ocrx_word' id='word_1_82' title='bbox 274 1389 443 1482; x_wconf 86' lang='lat' dir='ltr'><strong>polando</strong></span> <span class='ocrx_word' id='word_1_83' title='bbox 462 1388 586 1488; x_wconf 84' lang='lat' dir='ltr'><strong>magis</strong></span> <span class='ocrx_word' id='word_1_84' title='bbox 613 1389 735 1461; x_wconf 86' lang='lat' dir='ltr'><strong>etiam</strong></span> <span class='ocrx_word' id='word_1_85' title='bbox 756 1405 932 1483; x_wconf 87' lang='lat' dir='ltr'><strong>corrupta</strong></span> <span class='ocrx_word' id='word_1_86' title='bbox 960 1405 998 1460; x_wconf 90' lang='lat' dir='ltr'><strong>et</strong></span> <span class='ocrx_word' id='word_1_87' title='bbox 1024 1389 1224 1483; x_wconf 88' lang='lat' dir='ltr'><strong>depravata</strong></span> <span class='ocrx_word' id='word_1_88' title='bbox 1250 1385 1359 1461; x_wconf 84' lang='lat' dir='ltr'><strong>fuiffe</strong></span> <span class='ocrx_word' id='word_1_89' title='bbox 1379 1386 1559 1461; x_wconf 87' lang='lat' dir='ltr'><strong>videntur</strong></span> <span class='ocrx_word' id='word_1_90' title='bbox 1576 1376 1841 1460; x_wconf 86' lang='lat' dir='ltr'><strong>historicorum</strong></span> <span class='ocrx_word' id='word_1_91' title='bbox 1859 1381 2050 1478; x_wconf 68' lang='lat' dir='ltr'><strong>scriptori·</strong></span> <span class='ocrx_word' id='word_1_92' title='bbox 2076 1473 2083 1488; x_wconf 33' lang='grc' dir='ltr'>ι</span> 
     </span>
     <span class='ocr_line' id='line_1_10' title="bbox 253 1500 2026 1615; baseline -0.004 -39"><span class='ocrx_word' id='word_1_93' title='bbox 253 1507 383 1602; x_wconf 69' lang='lat' dir='ltr'><strong>vQuid</strong></span> <span class='ocrx_word' id='word_1_94' title='bbox 403 1506 497 1578; x_wconf 87' lang='lat' dir='ltr'><strong>certi</strong></span> <span class='ocrx_word' id='word_1_95' title='bbox 525 1508 637 1578; x_wconf 88' lang='lat' dir='ltr'><strong>enim</strong></span> <span class='ocrx_word' id='word_1_96' title='bbox 657 1524 696 1579; x_wconf 87' lang='lat' dir='ltr'><strong>et</strong></span> <span class='ocrx_word' id='word_1_97' title='bbox 721 1506 922 1604; x_wconf 83' lang='lat' dir='ltr'><strong>explorati,</strong></span> <span class='ocrx_word' id='word_1_98' title='bbox 950 1524 995 1578; x_wconf 92' lang='lat' dir='ltr'><strong>ut</strong></span> <span class='ocrx_word' id='word_1_99' title='bbox 1019 1506 1094 1579; x_wconf 92' lang='lat' dir='ltr'><strong>hoc</strong></span> <span class='ocrx_word' id='word_1_100' title='bbox 1119 1531 1244 1579; x_wconf 92' lang='lat' dir='ltr'><strong>unum</strong></span> <span class='ocrx_word' id='word_1_101' title='bbox 1270 1507 1436 1601; x_wconf 86' lang='lat' dir='ltr'><strong>exempli</strong></span> <span class='ocrx_word' id='word_1_102' title='bbox 1462 1507 1583 1604; x_wconf 86' lang='lat' dir='ltr'><strong>gratia</strong></span> <span class='ocrx_word' id='word_1_103' title='bbox 1609 1529 1801 1590; x_wconf 86' lang='lat' dir='ltr'><strong>moneam,</strong></span> <span class='ocrx_word' id='word_1_104' title='bbox 1828 1500 1874 1573; x_wconf 86' lang='lat' dir='ltr'><strong>de</strong></span> <span class='ocrx_word' id='word_1_105' title='bbox 1894 1501 2026 1615; x_wconf 86' lang='lat' dir='ltr'><strong>Pipini</strong></span> 
     </span>
     <span class='ocr_line' id='line_1_11' title="bbox 274 1622 2028 1722; baseline -0.003 -28"><span class='ocrx_word' id='word_1_106' title='bbox 274 1623 317 1694; x_wconf 85' lang='lat' dir='ltr'><strong>in</strong></span> <span class='ocrx_word' id='word_1_107' title='bbox 345 1648 473 1722; x_wconf 86' lang='lat' dir='ltr'><strong>regem</strong></span> <span class='ocrx_word' id='word_1_108' title='bbox 499 1630 746 1698; x_wconf 82' lang='lat' dir='ltr'><strong>Francorum</strong></span> <span class='ocrx_word' id='word_1_109' title='bbox 760 1625 949 1697; x_wconf 80' lang='lat' dir='ltr'><strong>electione</strong></span> <span class='ocrx_word' id='word_1_110' title='bbox 975 1624 1169 1720; x_wconf 86' lang='lat' dir='ltr'><strong>eiusque</strong></span> <span class='ocrx_word' id='word_1_111' title='bbox 1158 1624 1384 1696; x_wconf 78' lang='lat' dir='ltr'><strong>inunctione</strong></span> <span class='ocrx_word' id='word_1_112' title='bbox 1410 1648 1479 1718; x_wconf 90' lang='lat' dir='ltr'><strong>per</strong></span> <span class='ocrx_word' id='word_1_113' title='bbox 1504 1627 1557 1694; x_wconf 92' lang='lat' dir='ltr'><strong>St.</strong></span> <span class='ocrx_word' id='word_1_114' title='bbox 1580 1622 1828 1695; x_wconf 80' lang='lat' dir='ltr'><strong>Bonilacium</strong></span> <span class='ocrx_word' id='word_1_115' title='bbox 1854 1643 2028 1715; x_wconf 86' lang='lat' dir='ltr'><strong>unquam</strong></span> 
     </span>
     <span class='ocr_line' id='line_1_12' title="bbox 274 1737 2027 1838; baseline -0.005 -26"><span class='ocrx_word' id='word_1_116' title='bbox 274 1739 491 1815; x_wconf 72' lang='lat' dir='ltr'><strong>habemus?</strong></span> <span class='ocrx_word' id='word_1_117' title='bbox 541 1749 676 1838; x_wconf 84' lang='lat' dir='ltr'><strong>Itaque</strong></span> <span class='ocrx_word' id='word_1_118' title='bbox 711 1743 801 1812; x_wconf 84' lang='lat' dir='ltr'><strong>artis</strong></span> <span class='ocrx_word' id='word_1_119' title='bbox 838 1742 989 1812; x_wconf 83' lang='lat' dir='ltr'><strong>criticae</strong></span> <span class='ocrx_word' id='word_1_120' title='bbox 1026 1743 1170 1832; x_wconf 82' lang='lat' dir='ltr'><strong>duplex</strong></span> <span class='ocrx_word' id='word_1_121' title='bbox 1203 1737 1291 1809; x_wconf 87' lang='lat' dir='ltr'><strong>est</strong></span> <span class='ocrx_word' id='word_1_122' title='bbox 1279 1745 1322 1807; x_wconf 86' lang='lat' dir='ltr'><strong>m</strong></span> <span class='ocrx_word' id='word_1_123' title='bbox 1348 1740 1489 1807; x_wconf 91' lang='lat' dir='ltr'><strong>horum</strong></span> <span class='ocrx_word' id='word_1_124' title='bbox 1515 1762 1667 1833; x_wconf 88' lang='lat' dir='ltr'><strong>quoque</strong></span> <span class='ocrx_word' id='word_1_125' title='bbox 1702 1738 1931 1831; x_wconf 88' lang='lat' dir='ltr'><strong>scriptorum</strong></span> <span class='ocrx_word' id='word_1_126' title='bbox 1958 1737 2027 1805; x_wconf 86' lang='lat' dir='ltr'><strong>nsu</strong></span> 
     </span>
     <span class='ocr_line' id='line_1_13' title="bbox 272 1850 2026 1954; baseline -0.005 -26"><span class='ocrx_word' id='word_1_127' title='bbox 272 1858 488 1954; x_wconf 82' lang='lat' dir='ltr'><strong>negotium,</strong></span> <span class='ocrx_word' id='word_1_128' title='bbox 517 1882 682 1954; x_wconf 89' lang='lat' dir='ltr'><strong>quorum</strong></span> <span class='ocrx_word' id='word_1_129' title='bbox 709 1857 872 1926; x_wconf 86' lang='lat' dir='ltr'><strong>alterum</strong></span> <span class='ocrx_word' id='word_1_130' title='bbox 897 1855 951 1926; x_wconf 68' lang='lat' dir='ltr'><strong>ad‘</strong></span> <span class='ocrx_word' id='word_1_131' title='bbox 969 1855 1085 1927; x_wconf 84' lang='lat' dir='ltr'><strong>verba</strong></span> <span class='ocrx_word' id='word_1_132' title='bbox 1110 1852 1185 1928; x_wconf 89' lang='lat' dir='ltr'><strong>live</strong></span> <span class='ocrx_word' id='word_1_133' title='bbox 1210 1871 1360 1925; x_wconf 86' lang='lat' dir='ltr'><strong>textum</strong></span> <span class='ocrx_word' id='word_1_134' title='bbox 1385 1852 1600 1953; x_wconf 91' lang='lat' dir='ltr'><strong>genuinum</strong></span> <span class='ocrx_word' id='word_1_135' title='bbox 1620 1850 1906 1938; x_wconf 79' lang='lat' dir='ltr'><strong>restituendum,</strong></span> <span class='ocrx_word' id='word_1_136' title='bbox 1928 1854 2026 1921; x_wconf 78' lang='lat' dir='ltr'><strong>alte-</strong></span> 
     </span>
    </p>
   </div>
   <div class='ocr_carea' id='block_1_3' title="bbox 271 1969 2142 2079">
    <p class='ocr_par' dir='ltr' id='par_1_3' title="bbox 271 1969 2142 2079">
     <span class='ocr_line' id='line_1_14' title="bbox 271 1969 2142 2079; baseline 0.001 -33"><span class='ocrx_word' id='word_1_137' title='bbox 271 1998 362 2046; x_wconf 88' lang='lat' dir='ltr'><strong>rum</strong></span> <span class='ocrx_word' id='word_1_138' title='bbox 396 1971 444 2047; x_wconf 87' lang='lat' dir='ltr'><strong>ad</strong></span> <span class='ocrx_word' id='word_1_139' title='bbox 480 1997 537 2046; x_wconf 81' lang='lat' dir='ltr'><strong>res</strong></span> <span class='ocrx_word' id='word_1_140' title='bbox 571 1969 648 2046; x_wconf 76' lang='lat' dir='ltr'><strong>live</strong></span> <span class='ocrx_word' id='word_1_141' title='bbox 680 1971 883 2052; x_wconf 83' lang='lat' dir='ltr'><strong>veritatem</strong></span> <span class='ocrx_word' id='word_1_142' title='bbox 916 1969 1132 2054; x_wconf 83' lang='lat' dir='ltr'><strong>historicam</strong></span> <span class='ocrx_word' id='word_1_143' title='bbox 1166 1969 1372 2045; x_wconf 89' lang='lat' dir='ltr'><strong>eruendam</strong></span> <span class='ocrx_word' id='word_1_144' title='bbox 1397 1972 1576 2069; x_wconf 87' lang='lat' dir='ltr'><strong>pertinet.</strong></span> <span class='ocrx_word' id='word_1_145' title='bbox 1639 1978 1687 2045; x_wconf 91' lang='lat' dir='ltr'><strong>In</strong></span> <span class='ocrx_word' id='word_1_146' title='bbox 1721 1989 1884 2067; x_wconf 85' lang='lat' dir='ltr'><strong>utroque</strong></span> <span class='ocrx_word' id='word_1_147' title='bbox 1913 1993 2025 2055; x_wconf 77' lang='lat' dir='ltr'><strong>¹vero,</strong></span> <span class='ocrx_word' id='word_1_148' title='bbox 2112 1972 2142 2079; x_wconf 64' lang='grc' dir='ltr'><strong> </strong></span> 
     </span>
    </p>
   </div>
   <div class='ocr_carea' id='block_1_4' title="bbox 204 2081 2044 2434">
    <p class='ocr_par' dir='ltr' id='par_1_4' title="bbox 204 2081 2044 2434">
     <span class='ocr_line' id='line_1_15' title="bbox 248 2081 2033 2188; baseline -0.002 -25"><span class='ocrx_word' id='word_1_149' title='bbox 248 2108 465 2188; x_wconf 42' lang='lat' dir='ltr'><strong>‚quantum</strong></span> <span class='ocrx_word' id='word_1_150' title='bbox 491 2089 583 2178; x_wconf 83' lang='lat' dir='ltr'><strong>scio,</strong></span> <span class='ocrx_word' id='word_1_151' title='bbox 608 2081 791 2164; x_wconf 83' lang='lat' dir='ltr'><strong>nondum</strong></span> <span class='ocrx_word' id='word_1_152' title='bbox 811 2088 890 2162; x_wconf 84' lang='lat' dir='ltr'><strong>fere</strong></span> <span class='ocrx_word' id='word_1_153' title='bbox 908 2091 1145 2165; x_wconf 86' lang='lat' dir='ltr'><strong>elaboratum</strong></span> <span class='ocrx_word' id='word_1_154' title='bbox 1164 2086 1213 2162; x_wconf 85' lang='lat' dir='ltr'><strong>est</strong></span> <span class='ocrx_word' id='word_1_155' title='bbox 1239 2114 1259 2177; x_wconf 81' lang='lat' dir='ltr'><strong>o</strong></span> <span class='ocrx_word' id='word_1_156' title='bbox 1285 2091 1378 2164; x_wconf 83' lang='lat' dir='ltr'><strong>viris</strong></span> <span class='ocrx_word' id='word_1_157' title='bbox 1406 2092 1543 2177; x_wconf 87' lang='lat' dir='ltr'><strong>doctis,</strong></span> <span class='ocrx_word' id='word_1_158' title='bbox 1568 2087 1641 2165; x_wconf 84' lang='lat' dir='ltr'><strong>nili</strong></span> <span class='ocrx_word' id='word_1_159' title='bbox 1666 2090 1768 2164; x_wconf 87' lang='lat' dir='ltr'><strong>forte</strong></span> <span class='ocrx_word' id='word_1_160' title='bbox 1784 2089 1874 2160; x_wconf 88' lang='lat' dir='ltr'><strong>illae</strong></span> <span class='ocrx_word' id='word_1_161' title='bbox 1896 2086 2033 2159; x_wconf 74' lang='lat' dir='ltr'><strong>lectio·</strong></span> 
     </span>
     <span class='ocr_line' id='line_1_16' title="bbox 271 2202 2044 2317; baseline -0.005 -35"><span class='ocrx_word' id='word_1_162' title='bbox 271 2209 337 2283; x_wconf 86' lang='lat' dir='ltr'><strong>nis</strong></span> <span class='ocrx_word' id='word_1_163' title='bbox 366 2209 586 2317; x_wconf 78' lang='lat' dir='ltr'><strong>varietates,</strong></span> <span class='ocrx_word' id='word_1_164' title='bbox 613 2233 706 2307; x_wconf 84' lang='lat' dir='ltr'><strong>quaa</strong></span> <span class='ocrx_word' id='word_1_165' title='bbox 733 2210 777 2282; x_wconf 92' lang='lat' dir='ltr'><strong>in</strong></span> <span class='ocrx_word' id='word_1_166' title='bbox 803 2211 977 2308; x_wconf 88' lang='lat' dir='ltr'><strong>margine</strong></span> <span class='ocrx_word' id='word_1_167' title='bbox 1004 2207 1188 2306; x_wconf 80' lang='lat' dir='ltr'><strong>dispersas</strong></span> <span class='ocrx_word' id='word_1_168' title='bbox 1215 2209 1316 2306; x_wconf 81' lang='lat' dir='ltr'><strong>apud</strong></span> <span class='ocrx_word' id='word_1_169' title='bbox 1342 2214 1407 2280; x_wconf 95' lang='lat' dir='ltr'><strong>Du</strong></span> <span class='ocrx_word' id='word_1_170' title='bbox 1433 2206 1659 2298; x_wconf 77' lang='lat' dir='ltr'><strong>chesnium,</strong></span> <span class='ocrx_word' id='word_1_171' title='bbox 1682 2209 1885 2282; x_wconf 85' lang='lat' dir='ltr'><strong>Freherum</strong></span> <span class='ocrx_word' id='word_1_172' title='bbox 1912 2202 2044 2287; x_wconf 62' lang='lat' dir='ltr'><strong>alios·‚</strong></span> 
     </span>
     <span class='ocr_line' id='line_1_17' title="bbox 204 2322 1516 2434; baseline -0.004 -35"><span class='ocrx_word' id='word_1_173' title='bbox 204 2419 209 2426; x_wconf 16' lang='grc' dir='ltr'>ι</span> <span class='ocrx_word' id='word_1_174' title='bbox 273 2350 354 2425; x_wconf 77' lang='lat' dir='ltr'><strong>quo</strong></span> <span class='ocrx_word' id='word_1_175' title='bbox 373 2326 621 2418; x_wconf 71' lang='lat' dir='ltr'><strong>invenimur,</strong></span> <span class='ocrx_word' id='word_1_176' title='bbox 649 2326 800 2402; x_wconf 82' lang='lat' dir='ltr'><strong>critices</strong></span> <span class='ocrx_word' id='word_1_177' title='bbox 827 2329 1023 2427; x_wconf 84' lang='lat' dir='ltr'><strong>quandam</strong></span> <span class='ocrx_word' id='word_1_178' title='bbox 1047 2328 1209 2424; x_wconf 87' lang='lat' dir='ltr'><strong>speciem</strong></span> <span class='ocrx_word' id='word_1_179' title='bbox 1235 2326 1439 2434; x_wconf 81' lang='lat' dir='ltr'><strong>praebeant</strong></span> <span class='ocrx_word' id='word_1_180' title='bbox 1460 2322 1516 2418; x_wconf 68' lang='lat'><strong>¹),</strong></span> 
     </span>
    </p>
   </div>
   <div class='ocr_carea' id='block_1_5' title="bbox 1073 2651 1199 2740">
    <p class='ocr_par' dir='ltr' id='par_1_5' title="bbox 1073 2651 1199 2740">
     <span class='ocr_line' id='line_1_18' title="bbox 1073 2651 1199 2740; baseline -0.024 0"><span class='ocrx_word' id='word_1_181' title='bbox 1073 2651 1199 2740; x_wconf 63' lang='lat' dir='ltr'><strong>ir·-</strong></span> 
     </span>
    </p>
   </div>
   <div class='ocr_carea' id='block_1_6' title="bbox 258 2842 2028 3535">
    <p class='ocr_par' dir='ltr' id='par_1_6' title="bbox 258 2842 2026 3535">
     <span class='ocr_line' id='line_1_19' title="bbox 376 2842 2025 2948; baseline -0.001 -25"><span class='ocrx_word' id='word_1_182' title='bbox 376 2843 523 2936; x_wconf 84' lang='lat' dir='ltr'><strong>Restat,</strong></span> <span class='ocrx_word' id='word_1_183' title='bbox 558 2867 604 2922; x_wconf 92' lang='lat' dir='ltr'><strong>ut</strong></span> <span class='ocrx_word' id='word_1_184' title='bbox 630 2842 869 2948; x_wconf 66' lang='lat' dir='ltr'><strong>&#39;quaestionib</strong></span> <span class='ocrx_word' id='word_1_185' title='bbox 903 2864 1028 2946; x_wconf 82' lang='lat' dir='ltr'><strong>partes</strong></span> <span class='ocrx_word' id='word_1_186' title='bbox 1065 2849 1205 2923; x_wconf 88' lang='lat' dir='ltr'><strong>certius</strong></span> <span class='ocrx_word' id='word_1_187' title='bbox 1243 2846 1470 2923; x_wconf 76' lang='lat' dir='ltr'><strong>definiamus</strong></span> <span class='ocrx_word' id='word_1_188' title='bbox 1510 2869 1622 2948; x_wconf 84' lang='lat' dir='ltr'><strong>atque</strong></span> <span class='ocrx_word' id='word_1_189' title='bbox 1661 2852 2025 2926; x_wconf 78' lang='lat' dir='ltr'><strong>circumscribamus.</strong></span> 
     </span>
     <span class='ocr_line' id='line_1_20' title="bbox 270 2959 2025 3067; baseline 0.002 -29"><span class='ocrx_word' id='word_1_190' title='bbox 270 2970 317 3038; x_wconf 77' lang='grc' dir='ltr'><strong>Ῑιι</strong></span> <span class='ocrx_word' id='word_1_191' title='bbox 353 2959 449 3040; x_wconf 70' lang='lat' dir='ltr'><strong>dune</strong></span> <span class='ocrx_word' id='word_1_192' title='bbox 486 2967 606 3066; x_wconf 89' lang='lat' dir='ltr'><strong>igitur</strong></span> <span class='ocrx_word' id='word_1_193' title='bbox 644 2986 770 3062; x_wconf 84' lang='lat' dir='ltr'><strong>partes</strong></span> <span class='ocrx_word' id='word_1_194' title='bbox 806 2963 970 3064; x_wconf 83' lang='lat' dir='ltr'><strong>quaestio</strong></span> <span class='ocrx_word' id='word_1_195' title='bbox 1006 2985 1104 3040; x_wconf 88' lang='lat' dir='ltr'><strong>recte</strong></span> <span class='ocrx_word' id='word_1_196' title='bbox 1141 2967 1265 3042; x_wconf 87' lang='lat' dir='ltr'><strong>dividi</strong></span> <span class='ocrx_word' id='word_1_197' title='bbox 1290 2964 1430 3064; x_wconf 86' lang='lat' dir='ltr'><strong>potest,</strong></span> <span class='ocrx_word' id='word_1_198' title='bbox 1467 2969 1520 3040; x_wconf 81' lang='lat' dir='ltr'><strong>ita</strong></span> <span class='ocrx_word' id='word_1_199' title='bbox 1548 2971 1726 3067; x_wconf 81' lang='lat' dir='ltr'><strong>quidem,</strong></span> <span class='ocrx_word' id='word_1_200' title='bbox 1763 2990 1806 3043; x_wconf 92' lang='lat' dir='ltr'><strong>ut</strong></span> <span class='ocrx_word' id='word_1_201' title='bbox 1833 2971 1873 3042; x_wconf 92' lang='lat' dir='ltr'><strong>in</strong></span> <span class='ocrx_word' id='word_1_202' title='bbox 1903 2972 2025 3067; x_wconf 85' lang='lat' dir='ltr'><strong>priori</strong></span> 
     </span>
     <span class='ocr_line' id='line_1_21' title="bbox 270 3083 2026 3187; baseline 0.003 -32"><span class='ocrx_word' id='word_1_203' title='bbox 270 3085 357 3181; x_wconf 87' lang='lat' dir='ltr'><strong>quis</strong></span> <span class='ocrx_word' id='word_1_204' title='bbox 385 3083 505 3157; x_wconf 86' lang='lat' dir='ltr'><strong>fuerit</strong></span> <span class='ocrx_word' id='word_1_205' title='bbox 530 3084 799 3160; x_wconf 74' lang='lat' dir='ltr'><strong>Maiordomua</strong></span> <span class='ocrx_word' id='word_1_206' title='bbox 825 3101 1114 3182; x_wconf 82' lang='lat' dir='ltr'><strong>percontemur,</strong></span> <span class='ocrx_word' id='word_1_207' title='bbox 1142 3088 1194 3158; x_wconf 72' lang='lat' dir='ltr'><strong>in·</strong></span> <span class='ocrx_word' id='word_1_208' title='bbox 1212 3088 1326 3160; x_wconf 81' lang='lat' dir='ltr'><strong>altera</strong></span> <span class='ocrx_word' id='word_1_209' title='bbox 1352 3111 1456 3158; x_wconf 85' lang='lat' dir='ltr'><strong>vero·</strong></span> <span class='ocrx_word' id='word_1_210' title='bbox 1472 3085 1550 3183; x_wconf 79' lang='lat' dir='ltr'><strong>qu&#39;o</strong></span> <span class='ocrx_word' id='word_1_211' title='bbox 1577 3090 1697 3162; x_wconf 90' lang='lat' dir='ltr'><strong>modo</strong></span> <span class='ocrx_word' id='word_1_212' title='bbox 1725 3091 1942 3187; x_wconf 81' lang='lat' dir='ltr'><strong>quibusque</strong></span> <span class='ocrx_word' id='word_1_213' title='bbox 1970 3116 2026 3160; x_wconf 85' lang='lat' dir='ltr'><strong>ar·</strong></span> 
     </span>
     <span class='ocr_line' id='line_1_22' title="bbox 269 3199 2027 3306; baseline 0.004 -34"><span class='ocrx_word' id='word_1_214' title='bbox 269 3203 376 3276; x_wconf 82' lang='lat' dir='ltr'><strong>tibus</strong></span> <span class='ocrx_word' id='word_1_215' title='bbox 405 3204 469 3276; x_wconf 89' lang='lat' dir='ltr'><strong>hic</strong></span> <span class='ocrx_word' id='word_1_216' title='bbox 494 3199 752 3277; x_wconf 81' lang='lat' dir='ltr'><strong>ministerialis</strong></span> <span class='ocrx_word' id='word_1_217' title='bbox 790 3203 939 3277; x_wconf 78' lang='lat' dir='ltr'><strong>sacerdo</strong></span> <span class='ocrx_word' id='word_1_218' title='bbox 967 3222 1102 3278; x_wconf 86' lang='lat' dir='ltr'><strong>octavo</strong></span> <span class='ocrx_word' id='word_1_219' title='bbox 1129 3229 1174 3276; x_wconf 91' lang='grc' dir='ltr'><strong>ιο</strong></span> <span class='ocrx_word' id='word_1_220' title='bbox 1200 3206 1435 3300; x_wconf 86' lang='lat' dir='ltr'><strong>pervenerit,</strong></span> <span class='ocrx_word' id='word_1_221' title='bbox 1473 3224 1518 3276; x_wconf 89' lang='lat' dir='ltr'><strong>ut</strong></span> <span class='ocrx_word' id='word_1_222' title='bbox 1555 3205 1638 3301; x_wconf 85' lang='lat' dir='ltr'><strong>ipso</strong></span> <span class='ocrx_word' id='word_1_223' title='bbox 1665 3231 1785 3306; x_wconf 91' lang='lat' dir='ltr'><strong>regno</strong></span> <span class='ocrx_word' id='word_1_224' title='bbox 1808 3208 1929 3302; x_wconf 89' lang='lat' dir='ltr'><strong>potiri</strong></span> <span class='ocrx_word' id='word_1_225' title='bbox 1957 3225 2027 3302; x_wconf 89' lang='lat' dir='ltr'><strong>po·</strong></span> 
     </span>
     <span class='ocr_line' id='line_1_23' title="bbox 258 3316 2028 3430; baseline 0.002 -41"><span class='ocrx_word' id='word_1_226' title='bbox 258 3321 408 3406; x_wconf 76' lang='lat' dir='ltr'><strong>tuerit,</strong></span> <span class='ocrx_word' id='word_1_227' title='bbox 437 3322 680 3417; x_wconf 83' lang='lat' dir='ltr'><strong>explicemus.</strong></span> <span class='ocrx_word' id='word_1_228' title='bbox 761 3327 939 3420; x_wconf 83' lang='lat' dir='ltr'><strong>Quarum</strong></span> <span class='ocrx_word' id='word_1_229' title='bbox 957 3323 1125 3420; x_wconf 88' lang='lat' dir='ltr'><strong>priorem</strong></span> <span class='ocrx_word' id='word_1_230' title='bbox 1152 3324 1307 3420; x_wconf 86' lang='lat' dir='ltr'><strong>quidem</strong></span> <span class='ocrx_word' id='word_1_231' title='bbox 1333 3339 1481 3419; x_wconf 86' lang='lat' dir='ltr'><strong>partem</strong></span> <span class='ocrx_word' id='word_1_232' title='bbox 1517 3316 1577 3395; x_wconf 85' lang='lat' dir='ltr'><strong>his</strong></span> <span class='ocrx_word' id='word_1_233' title='bbox 1610 3323 1689 3398; x_wconf 87' lang='lat' dir='ltr'><strong>fere</strong></span> <span class='ocrx_word' id='word_1_234' title='bbox 1696 3320 1915 3430; x_wconf 85' lang='lat' dir='ltr'><strong>capitibus</strong></span> <span class='ocrx_word' id='word_1_235' title='bbox 1964 3327 2028 3394; x_wconf 86' lang='lat' dir='ltr'><strong>ab·</strong></span> 
     </span>
     <span class='ocr_line' id='line_1_24' title="bbox 271 3431 764 3535; baseline 0.009 -28"><span class='ocrx_word' id='word_1_236' title='bbox 271 3431 503 3511; x_wconf 79' lang='lat' dir='ltr'><strong>solvendam</strong></span> <span class='ocrx_word' id='word_1_237' title='bbox 521 3439 764 3535; x_wconf 85' lang='lat' dir='ltr'><strong>putaverim.</strong></span> 
     </span>
    </p>
   </div>
   <div class='ocr_carea' id='block_1_7' title="bbox 270 3600 2028 4347">
    <p class='ocr_par' dir='ltr' id='par_1_7' title="bbox 270 3600 2028 4347">
     <span class='ocr_line' id='line_1_25' title="bbox 314 3600 1849 3731; baseline 0.005 -27"><span class='ocrx_word' id='word_1_238' title='bbox 314 3640 408 3726; x_wconf 79' lang='lat' dir='ltr'><strong>Cap·</strong></span> <span class='ocrx_word' id='word_1_239' title='bbox 442 3640 471 3705; x_wconf 84' lang='lat'><strong>1.</strong></span> <span class='ocrx_word' id='word_1_240' title='bbox 515 3643 572 3705; x_wconf 83' lang='lat' dir='ltr'><strong>De</strong></span> <span class='ocrx_word' id='word_1_241' title='bbox 592 3645 720 3729; x_wconf 82' lang='lat' dir='ltr'><strong>vulgari</strong></span> <span class='ocrx_word' id='word_1_242' title='bbox 743 3643 784 3705; x_wconf 78' lang='lat' dir='ltr'><strong>ad</strong></span> <span class='ocrx_word' id='word_1_243' title='bbox 804 3600 989 3708; x_wconf 81' lang='lat' dir='ltr'><strong>recentiora</strong></span> <span class='ocrx_word' id='word_1_244' title='bbox 1016 3666 1121 3730; x_wconf 79' lang='lat' dir='ltr'><strong>tuque</strong></span> <span class='ocrx_word' id='word_1_245' title='bbox 1144 3609 1351 3731; x_wconf 42' lang='lat' dir='ltr'><strong>tempora&#39;dc</strong></span> <span class='ocrx_word' id='word_1_246' title='bbox 1372 3646 1504 3710; x_wconf 77' lang='lat' dir='ltr'><strong>Maiore</strong></span> <span class='ocrx_word' id='word_1_247' title='bbox 1526 3645 1640 3711; x_wconf 75' lang='lat' dir='ltr'><strong>domuc</strong></span> <span class='ocrx_word' id='word_1_248' title='bbox 1661 3647 1849 3712; x_wconf 45' lang='lat' dir='ltr'><strong>sententiar</strong></span> 
     </span>
     <span class='ocr_line' id='line_1_26' title="bbox 312 3789 2028 3888; baseline 0.004 -33"><span class='ocrx_word' id='word_1_249' title='bbox 312 3791 393 3877; x_wconf 69' lang='lat' dir='ltr'><strong>cop.</strong></span> <span class='ocrx_word' id='word_1_250' title='bbox 417 3791 463 3859; x_wconf 87' lang='lat'><strong>11.</strong></span> <span class='ocrx_word' id='word_1_251' title='bbox 507 3794 564 3856; x_wconf 84' lang='lat' dir='ltr'><strong>Dc</strong></span> <span class='ocrx_word' id='word_1_252' title='bbox 594 3789 772 3855; x_wconf 77' lang='lat' dir='ltr'><strong>sirmondii</strong></span> <span class='ocrx_word' id='word_1_253' title='bbox 809 3794 850 3857; x_wconf 84' lang='lat' dir='ltr'><strong>de</strong></span> <span class='ocrx_word' id='word_1_254' title='bbox 882 3795 997 3858; x_wconf 81' lang='lat' dir='ltr'><strong>codem</strong></span> <span class='ocrx_word' id='word_1_255' title='bbox 1029 3796 1230 3861; x_wconf 77' lang='lat' dir='ltr'><strong>ministeriali</strong></span> <span class='ocrx_word' id='word_1_256' title='bbox 1270 3790 1382 3882; x_wconf 73' lang='lat' dir='ltr'><strong>paucis</strong></span> <span class='ocrx_word' id='word_1_257' title='bbox 1419 3797 1539 3862; x_wconf 74' lang='lat' dir='ltr'><strong>abhinc</strong></span> <span class='ocrx_word' id='word_1_258' title='bbox 1579 3801 1673 3866; x_wconf 69' lang='lat' dir='ltr'><strong>anuis</strong></span> <span class='ocrx_word' id='word_1_259' title='bbox 1709 3803 1871 3888; x_wconf 76' lang='lat' dir='ltr'><strong>proposita</strong></span> <span class='ocrx_word' id='word_1_260' title='bbox 1902 3800 2028 3863; x_wconf 81' lang='lat' dir='ltr'><strong>senteu-</strong></span> 
     </span>
     <span class='ocr_line' id='line_1_27' title="bbox 532 3927 665 3990; baseline -0.008 0"><span class='ocrx_word' id='word_1_261' title='bbox 532 3927 590 3990; x_wconf 85' lang='lat' dir='ltr'><strong>tia.</strong></span> <span class='ocrx_word' id='word_1_262' title='bbox 658 3959 665 3966; x_wconf 94' lang='lat'><em>·</em></span> 
     </span>
     <span class='ocr_line' id='line_1_28' title="bbox 313 4046 1631 4169; baseline 0.009 -31"><span class='ocrx_word' id='word_1_263' title='bbox 313 4071 395 4159; x_wconf 86' lang='lat' dir='ltr'><strong>Cap.</strong></span> <span class='ocrx_word' id='word_1_264' title='bbox 407 4075 469 4140; x_wconf 90' lang='lat'><strong>111.</strong></span> <span class='ocrx_word' id='word_1_265' title='bbox 513 4079 570 4142; x_wconf 84' lang='lat' dir='ltr'><strong>Dc</strong></span> <span class='ocrx_word' id='word_1_266' title='bbox 590 4077 752 4144; x_wconf 78' lang='lat' dir='ltr'><strong>sententia</strong></span> <span class='ocrx_word' id='word_1_267' title='bbox 773 4076 930 4144; x_wconf 80' lang='lat' dir='ltr'><strong>Ludcnii&#39;</strong></span> <span class='ocrx_word' id='word_1_268' title='bbox 944 4094 978 4144; x_wconf 84' lang='lat' dir='ltr'><strong>et</strong></span> <span class='ocrx_word' id='word_1_269' title='bbox 998 4101 1085 4146; x_wconf 76' lang='lat' dir='ltr'><strong>nora</strong></span> <span class='ocrx_word' id='word_1_270' title='bbox 1108 4083 1266 4169; x_wconf 78' lang='lat' dir='ltr'><strong>quaedem</strong></span> <span class='ocrx_word' id='word_1_271' title='bbox 1290 4083 1329 4148; x_wconf 83' lang='lat' dir='ltr'><strong>de</strong></span> <span class='ocrx_word' id='word_1_272' title='bbox 1351 4046 1483 4152; x_wconf 78' lang='lat' dir='ltr'><strong>blaiore</strong></span> <span class='ocrx_word' id='word_1_273' title='bbox 1507 4085 1631 4152; x_wconf 74' lang='lat' dir='ltr'><strong>domur.</strong></span> 
     </span>
     <span class='ocr_line' id='line_1_29' title="bbox 270 4241 1170 4347; baseline 0.013 -33"><span class='ocrx_word' id='word_1_274' title='bbox 270 4241 437 4317; x_wconf 75' lang='lat' dir='ltr'><strong>Alterius</strong></span> <span class='ocrx_word' id='word_1_275' title='bbox 464 4262 596 4320; x_wconf 85' lang='lat' dir='ltr'><strong>autem</strong></span> <span class='ocrx_word' id='word_1_276' title='bbox 615 4248 744 4345; x_wconf 78' lang='lat' dir='ltr'><strong>partia·</strong></span> <span class='ocrx_word' id='word_1_277' title='bbox 762 4265 882 4322; x_wconf 85' lang='lat' dir='ltr'><strong>erunt¹</strong></span> <span class='ocrx_word' id='word_1_278' title='bbox 903 4250 995 4325; x_wconf 86' lang='lat' dir='ltr'><strong>haec</strong></span> <span class='ocrx_word' id='word_1_279' title='bbox 1024 4252 1170 4347; x_wconf 73' lang='lat' dir='ltr'><strong>capitae</strong></span> 
     </span>
    </p>
   </div>
   <div class='ocr_carea' id='block_1_8' title="bbox 248 4429 2024 4636">
    <p class='ocr_par' dir='ltr' id='par_1_8' title="bbox 248 4429 2024 4636">
     <span class='ocr_line' id='line_1_30' title="bbox 248 4429 2024 4533; baseline 0.008 -40"><span class='ocrx_word' id='word_1_280' title='bbox 248 4501 260 4515; x_wconf 36' lang='lat'>¹</span> <span class='ocrx_word' id='word_1_281' title='bbox 311 4429 393 4514; x_wconf 59' lang='lat' dir='ltr'><strong>Cepi</strong></span> <span class='ocrx_word' id='word_1_282' title='bbox 431 4430 461 4495; x_wconf 83' lang='lat'><strong>1.</strong></span> <span class='ocrx_word' id='word_1_283' title='bbox 506 4430 562 4493; x_wconf 74' lang='lat' dir='ltr'><strong>D‘e</strong></span> <span class='ocrx_word' id='word_1_284' title='bbox 592 4432 680 4516; x_wconf 78' lang='lat' dir='ltr'><strong>regit</strong></span> <span class='ocrx_word' id='word_1_285' title='bbox 711 4434 909 4496; x_wconf 81' lang='lat' dir='ltr'><strong>Francorum</strong></span> <span class='ocrx_word' id='word_1_286' title='bbox 943 4435 1135 4501; x_wconf 82' lang='lat' dir='ltr'><strong>conditione</strong></span> <span class='ocrx_word' id='word_1_287' title='bbox 1164 4438 1204 4500; x_wconf 80' lang='lat' dir='ltr'><strong>eb</strong></span> <span class='ocrx_word' id='word_1_288' title='bbox 1238 4439 1338 4502; x_wconf 77' lang='lat' dir='ltr'><strong>initio</strong></span> <span class='ocrx_word' id='word_1_289' title='bbox 1370 4439 1766 4530; x_wconf 68' lang='lat' dir='ltr'><strong>regnissctMcroviogia</strong></span> <span class='ocrx_word' id='word_1_290' title='bbox 1794 4446 2024 4533; x_wconf 78' lang='lat' dir='ltr'><strong>regnantibuc;</strong></span> 
     </span>
     <span class='ocr_line' id='line_1_31' title="bbox 506 4561 992 4636; baseline 0.014 -7"><span class='ocrx_word' id='word_1_291' title='bbox 506 4562 549 4629; x_wconf 78' lang='lat' dir='ltr'><strong>ric</strong></span> <span class='ocrx_word' id='word_1_292' title='bbox 569 4561 762 4632; x_wconf 77' lang='lat' dir='ltr'><strong>chlodoveo</strong></span> <span class='ocrx_word' id='word_1_293' title='bbox 785 4567 992 4636; x_wconf 72' lang='lat' dir='ltr'><strong>Monercbu-</strong></span> 
     </span>
    </p>
   </div>
   <div class='ocr_carea' id='block_1_9' title="bbox 0 0 2300 5364">
    <p class='ocr_par' dir='ltr' id='par_1_9' title="bbox 0 0 2300 5364">
     <span class='ocr_line' id='line_1_32' title="bbox 0 0 2300 5364; baseline 0 5"><span class='ocrx_word' id='word_1_294' title='bbox 0 0 2300 5364; x_wconf 95' lang='lat' dir='ltr'><strong> </strong></span> 
     </span>
    </p>
   </div>
  </div>
 </body>
</html>
