4582 5364
967 325 1021 353 ..
1120 307 1334 392 4,-

267 530 354 585 eura
380 507 481 583 tueri
505 500 608 604 quasi
635 520 748 602 atque
774 501 996 578 conservare
1029 499 1220 575 deberet.
1260 498 1599 574 conveniebant
1587 503 1708 603 igitur
1744 509 1878 582 Franci
1917 537 2012 610 quo·

266 627 396 701 tannis
424 627 568 725 campie
595 623 759 710 Martiis,
788 640 825 696 et
849 635 984 697 novae
1000 618 1258 718 expeditionis
1293 618 1488 693 consilio
1476 621 1614 711 mitio,
1643 641 1728 695 tum
1762 627 1806 698 ab
1843 654 1909 721 eo,
1945 636 2012 730 qui

265 770 369 820 anno
396 744 644 842 praeterlapso
670 741 853 818 Maioris
860 742 999 814 domus
1024 765 1185 813 munere
1219 737 1344 812 fuerat
1377 741 1593 835 praeditus,
1631 743 1852 837 provinciae
1890 750 2009 825 admi·

266 859 441 941 nistratae
466 865 655 938 rationem
679 860 937 956 reposcebant,
963 875 1048 931 tum
1074 859 1193 931 alium
1220 883 1267 930 ex
1300 855 1370 930 fibi
1396 883 1550 932 omnes
1573 858 1643 957 ipsi
1678 863 1725 934 ad
1759 866 1833 938 hoc
1867 893 2008 946 munus

267 981 312 1054 in
338 983 559 1079 proximum
587 985 732 1054 annum
758 976 1043 1074 suscipiendum
1076 1003 1158 1050 non
1183 976 1261 1050 fine
1286 977 1365 1050 ulla
1399 978 1499 1076 regis
1536 980 1590 1069 (§.
1620 983 1673 1070 6.)
1704 982 1920 1084 ‘aliorumve
1949 1017 2012 1062 au·

269 1101 443 1172 ctoritate
478 1117 515 1172 et
549 1084 708 1173 consilio
746 1097 948 1196 eligebant.
1021 1102 1102 1168 Nec
1135 1097 1226 1169 huic
1264 1095 1472 1168 sententiae
1506 1097 1716 1195 Eginhardi
1753 1103 1897 1204 dictum
1933 1112 2015 1182 ullo
2134 1179 2138 1187 ,

268 1218 386 1291 modo
414 1235 624 1319 repugnat,
653 1218 780 1305 „hunc
807 1215 995 1287 honorem
1019 1240 1102 1287 non
1129 1216 1261 1289 aliiea
1295 1217 1442 1312 populo
1480 1213 1560 1287 dari
1598 1217 1872 1294 consuetudine
1907 1223 2016 1299 fuisse

169 1361 177 1373 ·
270 1352 480 1432 receptum,
508 1363 622 1433 quam
648 1337 708 1423 iis,
737 1336 806 1431 qui
831 1351 869 1408 et
895 1333 1062 1406 claritate
1089 1333 1238 1432 generis
1265 1351 1303 1406 et
1329 1358 1448 1430 opum
1474 1334 1726 1434 amplitudine
1761 1342 1894 1424 ceteris
1922 1348 2014 1419 emi.

268 1456 468 1528 nuerint“
522 1455 699 1529 Claritate
735 1454 883 1552 generis
919 1443 1024 1525 'enim
1058 1451 1159 1551 regie
1194 1451 1339 1526 vicario
1375 1476 1473 1548 opus
1509 1471 1590 1525 erat
1622 1457 1859 1532 auctoritatis
1896 1467 2015 1552 causa,

270 1599 391 1670 opum
418 1572 685 1670 amplitudine,
712 1567 916 1669 potestatis.
977 1572 1104 1666 Atque
1142 1570 1318 1666 quamvis
1352 1594 1423 1656 nec
1458 1595 1583 1643 meam
1617 1573 1704 1646 satis
1742 1576 1893 1653 idoneis
1931 1582 2018 1655 scri·
2112 1604 2116 1617 ·

179 1681 184 1695 ¹
270 1709 428 1791 ptorum
453 1687 679 1764 testimoniis
708 1687 932 1790 confirmare
966 1686 1116 1782 possum
1152 1687 1400 1772 sententiam,
1428 1687 1518 1759 sunt
1552 1706 1680 1760 tamen
1707 1692 1749 1762 in
1776 1695 1863 1788 ipsis
1899 1697 2019 1772 fonti-

270 1809 342 1884 bus
367 1810 582 1893 nonnulla,
622 1803 771 1902 quaefi
798 1830 880 1877 non
908 1802 1063 1874 adeam
1090 1805 1203 1897 plane
1239 1800 1563 1897 comprobandam
1588 1808 1789 1902 praecipua
1814 1816 1937 1886 valere
1963 1821 2019 1889 vi.

272 1924 451 2005 deantur,
490 1942 619 1996 tamen
646 1948 693 1996 ex
720 1921 790 1994 hac
815 1919 896 2018 ipsa
923 1919 1108 1995 sententia
1134 1946 1218 1995 non
1256 1921 1386 1997 minue
1412 1922 1593 2016 explicari
1620 1923 1791 2020 possunt,
1833 1955 1947 2026 quam
1975 1960 2022 2007 ex

272 2043 334 2131 iia,
363 2042 408 2117 de
435 2043 575 2140 quibua
601 2040 713 2137 supra
740 2029 943 2134 disputati.
996 2043 1057 2113 Ex
1091 2039 1166 2114 hoc
1200 2063 1336 2143 genere
1368 2039 1489 2140 igitur
1522 2041 1675 2114 videtur
1702 2044 1771 2118 elle
1796 2049 1862 2120 ille
1889 2056 2020 2126 Frede·
2110 2089 2115 2099 ·

275 2162 374 2262 gerii
400 2165 530 2249 locus,
565 2184 643 2256 quo
668 2155 798 2231 leudes
824 2157 1008 2231 defuncto
1034 2159 1307 2233 Warnachario
1333 2155 1444 2232 simul
1479 2185 1567 2232 cum
1604 2160 1826 2240 Chlethario
1858 2174 1895 2239 11
1936 2196 2024 2271 rege

273 2277 489 2355 convenisse
517 2279 684 2376 quidem,
711 2294 756 2349 ut
779 2301 929 2350 novum
955 2278 1147 2351 Maiorem
1172 2278 1311 2369 domus
1337 2278 1543 2375 eligerent,
1574 2275 1636 2349 sed
1662 2306 1751 2354 eum
1778 2286 1915 2385 eligere
1950 2316 2021 2363 ιιο-

271 2396 378 2473 luisse
402 2415 627 2482 narrantur,
665 2394 808 2491 „Regis
845 2395 1007 2491 gratiam
1042 2394 1184 2467 obnixe
1217 2410 1391 2486 petentes
1435 2420 1522 2466 cum
1568 2399 1670 2492 Rege
1712 2416 1966 2501 transagere.“
1989 2405 2022 2499 ¹)
2110 2452 2114 2461 ·

274 2520 399 2613 Quem
425 2515 582 2609 quidem
607 2515 740 2583 locum
767 2508 821 2580 ita
849 2510 1080 2605 explicatum
1117 2509 1328 2620 voluerime
1363 2508 1510 2596 Leudea
1547 2511 1759 2587 chlotharii
1778 2525 1815 2591 ΙΙ
1841 2527 2022 2618 tempori·

222 2635 225 2641 ’
275 2631 347 2705 bue
374 2631 565 2704 Maiorem
591 2626 753 2714 domus,
790 2625 858 2722 qui
885 2650 972 2725 rege
998 2626 1151 2700 absente
1186 2651 1351 2725 regnum
1389 2622 1684 2718 administraret,
1722 2631 1847 2710 denuo
1885 2642 2024 2739 eligere

275 2765 477 2850 propterea
503 2748 620 2845 plane
645 2769 729 2819 ιιοιι
754 2741 1000 2840 necessarium
1026 2741 1180 2832 duxisse,
1208 2743 1312 2840 quod
1337 2771 1405 2818 rex
1429 2770 1537 2818 nunc
1562 2771 1669 2836 non,
1704 2769 1749 2823 ut
1774 2771 1906 2843 antea,
1945 2760 2024 2855 ipse

276 2891 365 2945 cum
391 2867 566 2941 leudibus
594 2860 858 2961 expeditionee
884 2862 1121 2958 suscipiebat,
1149 2863 1213 2936 sed
1238 2864 1527 2960 complureaab
1546 2891 1592 2938 eo
1613 2865 1725 2942 duces
1745 2872 2024 2949 constitueban-

275 3004 353 3075 tur,
381 2987 449 3085 qui
476 2983 661 3057 exercitui
686 2976 901 3079 praeessent.
962 2986 1064 3052 Nam
1095 2982 1248 3054 Vicario
1273 3007 1356 3055 non
1384 3007 1483 3078 opus
1510 3002 1608 3071 erat,
1642 3011 1730 3086 rege
1765 2988 1905 3065 scilicet
1938 2997 2022 3091 ipso

277 3128 364 3181 non
391 3103 555 3178 absente.
610 3107 860 3199 Quapropter,
884 3115 996 3194 puto,
1021 3099 1152 3172 laudea
1180 3124 1267 3171 cum
1293 3101 1396 3198 Rege
1420 3100 1503 3195 ipso
1533 3115 1799 3204 „tranaagere“
1826 3112 2020 3197 volebant,

279 3222 367 3296 le.
396 3223 593 3296 civitatem
620 3200 778 3315 abipso
805 3216 887 3290 solo
914 3241 1001 3316 rege
1036 3214 1286 3290 administrari
1320 3218 1606 3315 praeoptabant.
1645 3207 1738 3297 ‘Sin
1772 3250 1862 3299 vero
1899 3231 2024 3301 Lude·

280 3339 343 3419 nii
369 3339 594 3413 sententiam
618 3335 710 3410 huic
734 3336 823 3408 loco
851 3333 1136 3410 accommodare
1161 3335 1345 3423 velimus,
1382 3338 1485 3410 haud
1519 3336 1572 3410 ita
1606 3337 1717 3415 facile
1752 3344 1927 3420 rideatur
1954 3345 2024 3419 else

177 3463 180 3467 ’
280 3458 496 3596 explicatu,
523 3482 592 3530 cur
614 3456 758 3543 leudes,
786 3454 854 3554 qui
879 3455 1069 3528 Maiorem
1095 3452 1234 3528 domur
1260 3453 1366 3528 Fisco
1392 3453 1661 3550 praefecerint,
1698 3478 1741 3532 ut
1778 3461 1864 3557 ipsis
1902 3465 2025 3537 Lude·

278 3577 338 3652 nii
363 3575 489 3650 verbie
515 3593 617 3655 utar,
664 3600 754 3661 „um
778 3599 826 3644 zu
861 3572 1067 3660 verhiiten,
1102 3566 1193 3675 dass
1230 3573 1297 3645 der
1333 3576 1462 3674 Heinig
1500 3575 1560 3648 die
1601 3576 1723 3650 [ιιοιι
1750 3607 1799 3650 un
1815 3572 1899 3680 fich
1928 3592 2027 3684 raige

253 3694 377 3772 oder
402 3686 738 3831 verschleudertef‘
764 3716 874 3764 nunc
906 3690 1097 3765 eiusmodi
1130 3689 1366 3788 praefectum
1400 3691 1469 3789 ipsi
1505 3693 1617 3790 plane
1650 3696 1883 3792 superfluum
1918 3720 2026 3796 puta·

282 3813 435 3897 verint,
461 3811 596 3890 immo.
625 3831 771 3908 arege,
800 3808 868 3904 qui
893 3808 999 3879 hunc
1024 3796 1311 3882 Ministerialem
1337 3810 1463 3882 denuo
1491 3813 1654 3887 electum
1679 3818 1857 3904 voluerit,
1884 3818 2026 3888 obnixe
2126 3858 2130 3867 ·

284 3944 466 4026 petentes,
492 3953 542 4002 ne
551 3928 710 4002 iterum
735 3921 1073 4012 constituerem,
1082 3950 1173 3998 cum
1197 3926 1283 4023 ipso
1307 3945 1522 4027 transegere
1557 3931 1582 4002 i.
1619 3958 1649 4004 e.
1686 3959 1733 4006 ex
1772 3936 1837 4006 illa
1872 3933 2026 4028 quidem
2109 3998 2115 4010 .

285 4044 483 4132 sententia,
509 4047 635 4143 ipsum
661 4044 769 4118 Fisco
806 4042 1042 4141 praesectum
1077 4043 1213 4116 habere
1245 4046 1473 4134 maluerint,
1509 4073 1624 4144 quam
1650 4052 1839 4124 Maiorem
1876 4052 2025 4125 domus.

284 4159 401 4265 Quod
425 4181 621 4259 propterea
646 4186 732 4238 non
758 4159 973 4250 statuerim,
1001 4163 1105 4259 quod
1131 4162 1356 4236 huiuamodi
1381 4190 1507 4238 rerum
1533 4168 1765 4263 permutatio
1792 4175 2026 4242 Francorum

286 4278 456 4358 civitatis
481 4282 696 4355 rationibus
721 4304 807 4354 non
834 4282 1087 4355 consentanee
1112 4282 1313 4377 praecipue
1339 4299 1509 4378 tempore
1536 4285 1746 4358 chlotharii
1772 4293 1820 4374 11,
1856 4291 1922 4384 qui
1950 4309 2027 4361 tur·

285 4392 551 4474 bulentiffimie
588 4397 756 4471 civitatie
794 4395 1077 4493 tempestatibus
1102 4398 1220 4470 modo
1247 4398 1382 4470 sedatio
1408 4423 1569 4496 regnum
1602 4400 1783 4503 suscepit,
1822 4407 1889 4479 vix
1924 4407 2028 4505 cogi·

288 4519 361 4592 teri
387 4510 519 4613 potest.
571 4520 765 4614 Quanttun
790 4536 883 4589 vero
910 4512 1120 4590 Sismoudii
1143 4530 1184 4589 et
1207 4515 1359 4617 eadgari
1384 4517 1434 4589 de
1467 4519 1616 4594 Maiore
1649 4519 1787 4597 domur
1824 4525 2030 4598 sententiae

1599 4660 1677 4734 Fa
