4590 5364
910 323 1568 460 *ea-³1,

205 554 412 644 maiorum,
439 555 482 629 in
511 552 680 652 publico·
703 552 872 649 conpilio
899 552 1112 650 Pippinum
1137 557 1194 627 111
1218 573 1350 652 regem·
1371 536 1625 652 fibi'elegisle,
1640 549 1966 625 childericumlll
2069 628 2073 637 ,

206 697 299 748 vero
325 671 438 747 simiel
455 696 544 747 cum
570 672 652 746 silio
677 673 723 746 ‘in
749 656 1023 746 monasterium
1040 671 1242 771 relegasle.·
1279 671 1500 745 Recentiori
1525 689 1653 773 tamen
1680 663 1851 766 tempore
1876 693 1958 742 non

207 791 435 880 defuerunt,
464 790 606 890 quide
633 791 705 864 illa
728 792 781 864 ad
815 792 1039 866 Zachariam
1073 788 1179 864 missa
1215 792 1412 889 legatione,
1441 787 1701 864 dubitationes
1734 813 1819 861 non
1853 789 1985 863 leves'

203 905 468 1002 moverent&
518 909 643 983 Nobis
671 902 823 999 autem,
848 909 877 983 li
904 910 1000 1008 quid
1024 910 1107 985 veri
1139 911 1205 982 vel-
1237 910 1367 1006 potius
1402 904 1618 982 verisimilia
1654 906 1831 981 invenire
1864 907 1957 979 veli·
2054 936 2060 947 r

203 1054 303 1114 ntus,
326 1029 366 1100 id
393 1028 582 1126 agendum
611 1029 694 1116 erit,
714 1047 759 1101 ut
783 1030 996 1114 videamus,
1026 1024 1120 1124 quid
1148 1026 1194 1100 de
1220 1027 1291 1100 hac
1318 1053 1357 1099 re
1383 1044 1528 1101 veteres
1554 1025 1754 1120 scriptores
1775 1022 1953 1108 reserant,

82 1220 87 1242 ,
203 1144 361 1243 etquid
387 1144 617 1242 comparatis
644 1147 746 1220 inter
772 1132 1249 1243 [ediverfis‘scrsptomm
1282 1132 1480 1222 senten'tiis
1507 1183 1558 1198 -··
1584 1143 1714 1217 omnis
1748 1143 1853 1213 enim
1888 1143 1954 1214 du·
2098 1246 2102 1254 ς

202 1264 339 1338 bitatio
366 1289 414 1337 ex
438 1265 509 1336 hac
534 1264 616 1360 ipsa
642 1265 916 1338 sententiarum
942 1282 980 1336 et
1006 1265 1238 1340 narrationis
1278 1263 1490 1338 diversitate
1516 1279 1625 1335 enata
1652 1255 1700 1333 est
1724 1294 1777 1312 -·
1802 1259 1953 1369 ceritati

199 1382 377 1482 proxime
403 1383 576 1456 accedere
600 1382 788 1456 videatur.
850 1380 964 1485 Quod
989 1384 1084 1458 dum
1110 1370 1296 1458 conamur
1333 1383 1479 1472 facere,
1518 1379 1771 1477 reperiemus,
1807 1396 1953 1476 praeter

200 1527 255 1589 ea,
283 1525 379 1599 quae
403 1498 489 1575 non
513 1518 592 1575 tam
618 1503 666 1577 ati
692 1523 773 1574 rem
786 1502 941 1603 ipsam,
983 1502 1172 1599 quemad
1198 1503 1395 1601 propriam
1421 1502 1606 1597 cuiusque
1638 1497 1834 1594 scriptoris
1867 1521 1954 1569 nar·

200 1621 315 1694 randi
340 1619 531 1732 rationem
564 1620 804 1716 pertineant,
840 1620 919 1693 duo
952 1617 1189 1716 potiffimum
1226 1619 1319 1710 esse,
1355 1619 1495 1717 quibus
1529 1615 1708 1689 differant
1741 1614 1951 1712 scriptores.

197 1735 397 1812 Differam
422 1738 528 1811 enim
552 1737 724 1837 primum
750 1736 795 1808 de
821 1754 1006 1832 tempore,
1035 1763 1111 1835 quo
1138 1739 1258 1838 legati
1283 1739 1330 1810 ad
1356 1736 1590 1833 Episcopum
1614 1738 1838 1807 Romanum
1862 1732 1950 1804 ruis·

199 1840 412 1941 sisuerint,
441 1853 576 1927 deinde
603 1856 649 1926 de
675 1855 838 1926 nomine
864 1856 971 1928 illius
1007 1856 1198 1961 Episcopi.
1260 1857 1387 1928 Habet
1420 1878 1479 1926 res
1514 1868 1714 1956 propterea
1748 1851 1835 1925 sane
1872 1872 1951 1921 ma·

200 1999 317 2076 gnam
344 1969 618 2059 difficultatem,
645 1971 751 2069 quod
777 1996 911 2045 omnes
937 1972 1018 2046 fere
1043 1975 1268 2069 scriptores,
1305 1974 1373 2071 qui
1399 1974 1470 2046 hac
1496 1970 1541 2045 de
1576 1971 1777 2069 legatione·
1806 1965 1952 2065 aliquid

200 2093 385 2179 referunt,
413 2090 550 2163 carolo
576 2095 725 2188 Magno
753 2091 908 2163 demum
934 2109 973 2162 et
997 2093 1199 2166 Ludovico
1225 2093 1298 2166 Pio
1325 2090 1577 2190 regnantibus
1597 2091 1790 2175 vixertmt,
1809 2078 1853 2158 et⁴
1873 2109 1950 2184 quo

160 2237 161 2241 ¹
199 2213 285 2310 quis
292 2203 453 2307 propior
465 2208 633 2304 Pippino
644 2205 950 2296 vixislevidetur,
960 2216 1005 2282 eo
1017 2209 1201 2284 incertior
1210 2211 1409 2310 magisque
1427 2209 1696 2307 ambiguaeius
1712 2202 1760 2280 esi
1769 2205 1949 2278 narratio.

297 2329 414 2433 Quod
440 2326 562 2425 igitur
588 2327 760 2420 primum
785 2327 832 2400 ad
859 2346 1010 2421 tempus
1037 2331 1225 2422 pertinet,
1263 2329 1329 2400 alii
1356 2350 1460 2401 anno
1489 2345 1562 2421 749
1596 2328 1744 2424 legatos
1779 2322 1828 2395 ad
1861 2324 1950 2418 Epi·

196 2448 358 2544 scopum
382 2448 604 2516 Romanum
630 2439 760 2512 missos
788 2441 898 2514 fuisse
925 2459 962 2513 et
989 2466 1020 2511 a.
1050 2465 1124 2532 76⁰
1152 2446 1363 2539 Pippinum
1389 2447 1554 2540 regalem
1592 2443 1718 2515 sedem
1746 2438 1950 2536 occupasse,

197 2566 277 2649 alii,
305 2559 374 2658 qui
401 2557 664 2655 delegatione
689 2559 915 2654 plenumque
951 2555 1054 2637 uihil
1080 2557 1274 2646 referunt,
1310 2582 1416 2632 anno
1452 2580 1523 2648 751
1563 2559 1774 2654 Pippinum
1805 2583 1951 2630 nomen

197 2680 347 2781 regium
372 2674 441 2748 sibi
474 2672 682 2749 vindicasse
712 2690 991 2762 narraverunt,
1023 2677 1088 2747 alii
1125 2678 1291 2773 denique
1323 2677 1531 2776 legationis
1568 2702 1716 2750 annum
1752 2699 1850 2768 751,
1878 2677 1951 2749 ele·

197 2797 341 2872 ctionis
369 2817 442 2886 752
469 2795 691 2867 nominant.
747 2793 990 2889 superfluum
1016 2790 1096 2875 fere
1123 2812 1160 2866 et
1195 2797 1309 2891 plane
1343 2793 1529 2868 incassum
1562 2795 1739 2869 videatur
1777 2793 1868 2884 asle,
1905 2796 1950 2867 de
2063 2863 2068 2874 ,

147 2924 149 2932 “
187 2916 341 2994 ‚talibus
366 2916 503 3011 longas
538 2909 822 3009 disquisitiones
851 2908 1046 2985 instituere
1072 2913 1193 3000 velle,
1232 2915 1376 3011 quippe
1402 2915 1448 2987 in
1475 2915 1617 3012 quibus
1652 2932 1840 3013 quantum
1874 2939 1951 2986 me·
2079 2974 2086 2985 .

195 3039 259 3115 'rae
286 3033 389 3108 casus
417 3031 647 3119 temeritati,
676 3048 867 3128 quantum
894 3029 1124 3125 scriptorum
1150 3049 1188 3104 et
1224 3031 1491 3106 liberariorum
1528 3033 1648 3107 errori
1683 3052 1720 3106 et
1754 3034 1950 3132 negligen-

193 3154 279 3226 tiaen
297 3152 546 3223 tribuendum
572 3149 628 3237 lit,
657 3148 796 3246 cuique
822 3145 1059 3221 notilsnnum
1084 3147 1140 3222 sit
1194 3151 1396 3238 Attamen,
1430 3168 1475 3224 ut
1509 3177 1626 3247 quam
1658 3149 1868 3224 breuislime
1903 3153 1950 3222 de

193 3271 276 3355 his,
297 3267 391 3366 quid
418 3267 595 3366 equidem
622 3269 795 3354 sentiam,
823 3292 1025 3364 exponam,
1052 3292 1199 3342 annum
1227 3292 1301 3360 752
1329 3288 1528 3366 propterea
1555 3270 1652 3341 mihi
1678 3271 1842 3341 maxime
1861 3293 1949 3365 pru·

193 3384 365 3460 bandum
390 3384 461 3458 elle
486 3385 651 3474 videtur,
678 3384 795 3484 quod,
824 3389 1022 3484 quomodo
1049 3413 1097 3459 ex
1122 3387 1196 3462 hoc
1222 3407 1437 3488 ceterorum
1471 3389 1723 3486 chronologia
1750 3387 1845 3460 oriri
1879 3413 1949 3484 po·
2086 3453 2095 3463 .

192 3506 331 3592 tuerit,
349 3503 501 3576 facilius
528 3500 579 3576 esi
604 3505 814 3600 explicatu,
843 3529 960 3601 quam
986 3530 1033 3578 ex
1068 3505 1149 3579 illis
1182 3507 1257 3579 hoc
1291 3508 1484 3581 deducere.
1538 3507 1700 3580 Annum
1733 3505 1844 3579 enim·
1874 3527 1948 3596 75⁰

103 3714 106 3720 Δ
192 3625 226 3696 ii
245 3649 301 3697 ex
324 3623 574 3717 scriptoribus
599 3619 814 3695 nominasse
838 3621 1041 3712 videntur,
1082 3625 1223 3721 quiex
1255 3627 1441 3698 memoria
1473 3626 1765 3722 praetoritorum
1801 3642 1949 3720 tempo-

52 3842 56 3847 ·
192 3758 288 3814 rum
306 3741 479 3815 facinora
504 3741 773 3839 recolligentes
799 3732 989 3815 nontam
1025 3743 1227 3816 veritatem
1259 3743 1381 3839 ipsam
1419 3761 1591 3817 accurate
1628 3743 1795 3831 sectasse,
1834 3769 1950 3840 quam

192 3858 248 3944 id,
276 3862 381 3957 quod
406 3859 618 3938 memoriae
640 3859 809 3931 maxime
834 3859 878 3930 in
904 3879 1090 3956 promptu
1115 3861 1246 3949 fuerit,
1273 3863 1391 3935 modo
1418 3863 1619 3936 averitate
1636 3883 1720 3937 non
1739 3862 1868 3937 nimis·
1886 3863 1949 3932 ab·

190 3978 403 4064 horruerit,
429 3975 641 4075 posteritati
675 3975 914 4084 tradendum
932 3978 1164 4074 putaverint.
1219 3981 1334 4078 Qttod
1367 4002 1460 4054 vero
1495 3981 1538 4053 hi
1572 3981 1811 4079 legationem
1845 4003 1950 4050 anno

188 4095 371 4193 proximo
399 4097 644 4171 antecedente
669 4095 818 4169 millam
843 4093 954 4170 fuisse
978 4115 1186 4193 putarunt,
1226 4101 1343 4194 (749)
1385 4099 1461 4172 hoc
1497 4098 1587 4171 cirin
1623 4098 1787 4172 omnino
1825 4123 1873 4169 ex
1909 4121 1950 4170 re

188 4215 282 4312 ipsa,
309 4229 397 4284 tum
422 4210 512 4288 inde
538 4216 741 4312 praecipue
767 4215 952 4312 explicari
986 4212 1119 4311 potest,
1148 4219 1252 4314 quod
1277 4216 1529 4304 Burchardua,
1555 4216 1767 4312 Episcopus
1787 4196 1965 4291 Wirtziss

189 4328 400 4432 burgenfis,
429 4332 496 4427 qui
519 4334 728 4431 legationis
754 4317 944 4431 particeps
980 4331 1090 4407 fuisse
1116 4334 1280 4423 dicitm,
1317 4337 1396 4408 iam
1422 4361 1455 4408 a.
1484 4347 1570 4426 748
1596 4339 1761 4409 Romam
1798 4334 1845 4409 ad
1879 4342 1950 4408 Za·

192 4451 360 4525 chariam
377 4445 521 4524 venisse
546 4448 681 4524 fertur.
693 4442 728 4541 ²)
782 4455 929 4523 Eorum
956 4468 1090 4526 contra
1117 4478 1234 4541 error,
1262 4454 1332 4550 qui
1359 4477 1466 4527 anno
1494 4453 1796 4553 7'51Pippin‘um
1822 4479 1950 4553 regem
2015 4483 2020 4490 ·

183 4589 360 4663 ,meatum
384 4563 498 4644 fuisse
522 4584 732 4667 putarunt,
748 4565 830 4646 nist
846 4567 951 4659 sotto
973 4569 1220 4692 librariorum
1248 4571 1501 4671 ,petulantiae
1517 4573 1751 4650 tribuendus
1771 4570 1834 4664 fit,
1856 4572 1948 4647 iude
