4582 5364
1036 359 1112 379 ,,,,,
1200 341 1251 417 ,4
1353 358 1405 380 ,,

355 523 531 611 stimonia
556 533 671 608 latior
698 549 734 604 et
775 531 982 604 accuratior
1009 523 1058 602 est
1084 526 1270 642 cognitio,
1298 543 1384 601 tum
1409 527 1570 604 omnino
1602 532 1724 634 longo
1757 531 1935 612 historiae
1967 532 2097 614 studiis

352 658 494 733 rectius
522 671 634 754 atque
659 649 838 730 subtilius
866 651 912 726 de
946 646 1137 726 eiusmodi
1169 645 1435 747 disquisitione
1457 648 1655 728 iudicium.

1119 898 1334 928 m

1070 1121 1073 1126 ’
1121 1092 1226 1177 Car.
1271 1094 1346 1179 HI.

437 1406 447 1418 ,
568 1335 631 1406 De
648 1324 840 1436 sententia
869 1330 1043 1421 audenti,
1071 1345 1112 1412 ,et
1138 1355 1244 1416 noco
1271 1331 1459 1430 quaedam
1485 1331 1531 1413 de
1557 1335 1715 1410 Maiore
1742 1336 1883 1412 domur.

1175 1525 1210 1612 ᾗ.
1252 1543 1285 1594 a.
1409 1596 1413 1600 .

363 1734 377 1743 ·
456 1713 538 1780 Iam
562 1726 655 1780 vero
681 1706 814 1777 relicta
841 1703 1052 1778 Sismondii
1070 1705 1258 1778 senten-tia
1276 1705 1582 1805 'progrediamur
1608 1708 1656 1779 ad
1679 1710 1854 1794 alteram,
1888 1729 2006 1804 quam
2038 1730 2102 1780 eo·

178 1846 184 1854 ·
274 1882 279 1902 ,
357 1829 447 1899 dem
472 1823 551 1896 fere
576 1823 822 1916 temporarie
847 1825 1081 1894 Francorum
1106 1823 1259 1896 Maiore
1286 1824 1423 1895 domus
1450 1830 1499 1898 H.
1525 1823 1684 1911 Luden,
1706 1827 1769 1903 vir
1787 1820 2025 1905 doctissimus
2064 1843 2102 1894 et
2207 1884 2222 1897 .

315 2036 319 2041 ⁵
354 1933 678 2043 praeclariffimus,
705 1962 851 2017 novam
877 1956 926 2012 et·
942 1940 988 2012 ab
1007 1942 1083 2026 iis,
1118 1964 1215 2038 quac
1240 1941 1362 2013 adhuc
1385 1940 1667 2038 proposuerunt
1692 1943 1954 2040 doctilonge
1979 1940 2105 2012 diver·

354 2062 435 2134 iam
460 2060 505 2131 in
525 2059 652 2130 lucem
677 2058 849 2152 protulit
904 2059 993 2132 Fuit
1020 2060 1213 2158 igiturex
1241 2058 1408 2132 Ludenii
1431 2056 1618 2141 sententia
1643 2060 1772 2132 Maior
1794 2057 1933 2135 domus
1957 2052 1993 2132 'a
2021 2061 2102 2129 lcu-

357 2181 469 2271 dibus
488 2178 630 2250 clectus
646 2174 739 2248 fisco
766 2176 830 2247 seu
852 2175 1143 2264 beneficiorum,
1167 2201 1268 2273 'quae
1292 2194 1393 2250 aetas
1410 2194 1534 2271 vocat,
1553 2177 1720 2259 summae
1744 2174 1971 2274 praefectus,
1994 2173 2101 2250 ideo·

356 2322 432 2397 que
464 2296 526 2369 vir
560 2294 750 2367 maximae
773 2295 1008 2369 auctoritatis
1050 2295 1094 2381 in
1129 2293 1365 2370 Francorum
1397 2319 1538 2397 regno,
1585 2296 1728 2395 quippe
1763 2295 1865 2393 quod
1891 2294 1936 2369 in
1962 2289 2101 2368 benefi-

246 2491 249 2495 .
357 2416 426 2489 ciis
453 2432 637 2511 tanquam
661 2411 916 2487 fundamento
945 2409 1113 2510 politum
1140 2412 1238 2492 effet.
1252 2411 1285 2506 ¹)
1345 2419 1449 2512 Quae
1474 2414 1658 2489 sententia
1694 2437 1782 2489 cum
1807 2430 1962 2509 propter
1986 2411 2130 2485 novi·

353 2532 443 2608 tatis
471 2520 632 2631 gratiam
654 2531 821 2629 legentis
847 2531 1028 2604 animum
1042 2556 1127 2613 non
1144 2533 1276 2605 minut
1297 2507 1584 2628 quodammo'rio
1606 2548 1758 2627 captet,
1774 2624 1778 2630 Ι
1795 2556 1912 2630 quarn
1943 2547 2102 2626 propter
2150 2633 2153 2637 ὓ

235 2721 247 2727 ,
356 2651 549 2750 quandam
583 2647 829 2743 proprietatis
864 2646 1089 2730 facilitatem
1126 2648 1329 2743 praecipue
1364 2645 1672 2737 commandatur,
1717 2644 1985 2737 accuratissima
2013 2648 2102 2720 [ane

321 2765 453 2864 'opus
488 2761 919 2863 critperucstigationc,
952 2785 998 2840 ut
1032 2767 1293 2864 inquiramus,
1326 2775 1460 2840 utrum
1492 2780 1531 2841 ct
1554 2780 1741 2861 quatenus
1777 2765 1870 2838 hacc
1911 2763 2102 2837 sententia
2215 2791 2225 2800 ·

354 2895 440 2956 tuin
468 2885 705 2964 Francorum
737 2883 904 2958 civitatis
930 2886 1095 2972 rationi,
1121 2901 1207 2955 tum
1232 2884 1302 2969 iis,
1334 2905 1430 2981 quae
1455 2882 1502 2956 de
1526 2880 1743 2959 Maioribus
1774 2883 1912 2957 domus
1942 2881 2101 2976 scripto·
2186 2969 2189 2972 ¹

353 3025 412 3075 res
444 3000 613 3085 tradrurt,
650 3002 858 3089 conveniat
884 3019 997 3102 atque
1031 3001 1191 3098 prorius
1211 2997 1258 3077 Iit
1282 2999 1499 3096 probanda,
1534 3023 1585 3105 an
1610 3023 1713 3075 nova
1741 2999 1928 3097 quaedam
1952 2996 2001 3072 tle
2025 3000 2102 3072 hoc

356 3113 596 3192 ministeriali
629 3116 852 3194 efontibus
881 3143 1010 3195 eruere
1044 3137 1083 3194 et
1116 3121 1159 3192 in
1199 3121 1328 3193 lucem
1348 3141 1528 3214 ,promere
1559 3117 1683 3197 liceri.
1733 3117 1963 3216 Priusquam
1995 3139 2103 3203 vero,

356 3230 452 3338 quid
477 3237 524 3310 de
548 3234 719 3309 Ludcnii
755 3232 943 3326 sententia
976 3239 1039 3312 val
1078 3236 1244 3314 omnino
1279 3235 1326 3309 dc
1350 3234 1512 3339 Maioris
1546 3232 1843 3333 domur,prima
1877 3233 2104 3323 conditione

355 3381 429 3429 nos
455 3349 673 3440 sentiamus,
701 3356 958 3450 explicemus,
985 3357 1029 3429 in
1055 3353 1183 3444 verbis
1221 3353 1450 3451 quibusdam
1483 3340 1779 3450 interpretandis
1812 3353 2003 3430 versamur
2037 3377 2103 3427 nc·

356 3469 447 3546 celle
474 3467 533 3544 est.
587 3473 643 3545 Ac
667 3473 838 3566 primum
863 3473 1040 3570 quidem,
1077 3496 1168 3546 cum
1194 3487 1276 3547 tota
1301 3470 1369 3551 illa
1394 3467 1583 3576 sententia
1613 3470 1665 3552 ad
1696 3471 1830 3548 iilctnu
1865 3470 2101 3570 spectaverit,

237 3638 240 3642 -
357 3588 603 3686 aperiendum
625 3588 714 3676 crit,
742 3587 838 3686 quid
860 3588 1047 3688 fignificat
1071 3587 1204 3678 fiscus,
1241 3605 1401 3686 atquae
1425 3586 1683 3666 mentuunt
1719 3591 1829 3664 verbi
1862 3590 1907 3662 in
1939 3589 2113 3663 Franco

358 3731 448 3780 rum
471 3707 626 3780 civitate
650 3705 712 3783 vis
739 3724 852 3803 atque
871 3707 1008 3794 notio;
1037 3705 1176 3789 deinde
1202 3730 1294 3780 vero
1321 3706 1368 3779 dc
1392 3706 1552 3782 nomine
1575 3707 1750 3793 Maioris,
1765 3707 1902 3781 domus
1928 3705 2103 3802 aliisque,

357 3824 500 3924 quibus
535 3822 639 3896 idem
670 3820 930 3897 ministerialis
965 3847 987 3896 a
1019 3823 1268 3919 scriptoribus
1304 3826 1538 3920 appellatur,
1573 3823 1752 3907 formulis
1789 3821 2041 3901 differendum
2065 3841 2105 3928 et

358 3943 569 4042 quidinde
594 3940 731 4042 colligi
747 3936 868 4048 poffit,
894 3940 1061 4049 praviter
1088 3942 1162 4023 crit
1186 3942 1477 4025 enucleandam

1148 4130 1360 4235 aa·

332 4364 338 4376 ·
369 4411 377 4427 ,
459 4315 752 4393 Verbum'Fiici
775 4317 904 4418 igitur,
930 4337 982 4391 ne
1008 4313 1103 4414 quid
1128 4311 1176 4388 de
1201 4286 1478 4414 significatione
1502 4269 1667 4413 propria⁸
1682 4317 1797 4395 huius
1832 4320 1939 4395 vocis
1967 4311 2103 4400 dicam,

357 4433 401 4508 in
437 4436 672 4510 Francorum
707 4436 859 4512 avuta
895 4435 1068 4533 primum
1100 4430 1264 4508 eandem
1298 4431 1377 4509 fere
1412 4434 1495 4508 vim
1530 4452 1644 4532 atque
1675 4436 1882 4512 notionem
1918 4431 2102 4516 obtinuit,

359 4575 475 4654 quarn
505 4551 658 4630 tritinia
698 4551 852 4673 imperii
886 4553 1054 4630 Romani
1088 4548 1339 4680 ,tomporibue
1377 4546 1598 4626 obtinuisse
1627 4550 1835 4643 constatffl
1896 4538 2104 4626 Dicebatur
