4590 5364
1055 319 1440 406 -sa-‘

363 529 425 603 cie
451 522 665 624 religionis,
696 521 854 611 Gothos,
881 522 1090 596 haereticos
1118 521 1263 620 quippe
1290 521 1402 619 atque
1426 544 1537 595 verae
1563 520 1762 596 doctrinae
1788 516 2008 600 christianae
2034 523 2121 601 oio·

361 673 431 733 res,
460 663 651 743 quantum
679 631 764 717 steri
790 639 923 740 pollet,
951 641 1207 740 supprimere,
1235 666 1446 740 eorumque
1472 637 1708 737 possessiones
1733 639 1803 715 fibi
1836 644 1990 743 suisque
2014 647 2123 726 velut
2246 719 2252 730 ,

362 762 534 841 ecclefiae
561 764 757 837 tutoribus
782 762 992 835 vindicare.
1003 745 1120 854 ⁶)-
1171 762 1323 835 Deinde
1349 785 1441 836 vero
1467 762 1566 834 illud
1602 786 1650 834 ex
1685 760 1899 836 chlodovei
1936 763 2124 865 coniugio

360 879 656 959 commodum
645 910 687 954 ιιι
714 887 880 980 Francos
906 879 1162 968 redundavit,
1201 882 1306 996 quod
1339 880 1431 954 haec
1456 891 1546 970 cum
1581 880 1929 988 Burgundionibus
1956 880 2124 980 coniun-
2248 924 2250 929 ·

359 1003 437 1076 ctio
465 1000 620 1100 posthac
645 977 861 1075 chlodovei
886 998 977 1073 filiis
1004 999 1248 1102 Burgundiae
1274 1000 1516 1098 occupandae
1540 1000 1737 1095 praeberet
1777 998 2038 1091 occasionem,
2073 1001 2121 1076 da

306 1117 314 1127 ’
358 1147 438 1220 quo
465 1120 568 1194 infra
595 1121 684 1194 loco
712 1122 780 1194 suo
807 1145 927 1216 pauca
953 1119 1090 1193 dicam
1151 1120 1386 1192 Increscente
1422 1136 1550 1191 autem
1584 1119 1629 1191 in
1655 1117 1735 1193 dies
1770 1125 2006 1192 Francorum
2030 1137 2120 1215 pot·

328 1230 330 1234 ’
359 1236 499 1326 estate,
530 1255 708 1313 externae
746 1238 1018 1337 imprimisque
1057 1238 1245 1312 finitimae
1280 1240 1425 1310 multae
1461 1255 1593 1337 gentes
1629 1239 1773 1335 partim
1800 1263 1934 1311 eorum
1959 1234 2125 1335 poteiia·¹
2202 1277 2206 1280 ·

360 1376 441 1432 tam
467 1347 704 1448 metuentes,
729 1360 890 1456 partim,
911 1359 1099 1431 auxilium
1127 1376 1165 1430 et
1192 1355 1294 1456 quafi
1319 1352 1547 1454 praesidium
1572 1373 1760 1453 petentes,
1775 1353 1809 1449 ⁷)
1850 1372 1940 1431 cum
1965 1339 2135 1432 Francis·

279 1574 282 1580 Ι
362 1476 515 1571 foedera
541 1477 708 1566 inibant,
736 1502 946 1575 eorumque
971 1477 1137 1573 imperio
1164 1477 1228 1549 sua
1255 1478 1322 1574 spo
1372 1501 1412 1564 e,
1448 1499 1565 1572 quam
1589 1476 1632 1550 vi
1665 1492 1705 1547 et
1743 1477 1859 1548 armis
1897 1492 2048 1551 coactae
2081 1474 2124 1550 se·

262 1678 288 1701 1,
362 1597 546 1671 subiicere
571 1597 776 1679 malebant·
793 1588 827 1686 ⁰)
880 1595 1132 1669 Retinebatur
1155 1597 1263 1692 enim
1289 1597 1343 1668 ita
1371 1592 1530 1692 aliquod
1554 1595 1742 1668 libertatis
1776 1590 1991 1694 vestigium.
2030 1591 2120 1668 'Sed

362 1737 454 1786 cum
480 1737 616 1788 omnes
642 1738 770 1812 regem
796 1719 1031 1787 Francorum
1056 1732 1244 1811 tanquam
1276 1714 1481 1787 dominum
1508 1729 1546 1785 et
1582 1712 1853 1808 imperatorem
1887 1736 2118 1788 veneraren-

363 1849 440 1920 tur,
468 1831 551 1904 fieri
577 1854 661 1902 non
687 1831 829 1940 potuit,
859 1832 958 1939 quin
986 1856 1063 1927 quo
1091 1834 1221 1967 plures
1247 1830 1521 1912 Francorum
1508 1831 1674 1927 tmperio
1701 1829 1739 1903 se
1756 1829 2003 1904 subieciilent
2029 1854 2122 1935 gen·

364 1965 462 2034 tes,
481 1974 528 2021 eo
563 1948 686 2047 ma'gis
713 1934 1009 2045 amplificaretur
1035 1949 1164 2068 regis
1163 1950 1383 2023 auctoritas.
1427 1944 1680 2046 Quapropter
1703 1948 1750 2020 de
1776 1971 1823 2020 eo
1849 1948 1920 2022 vix
1956 1947 2124 2023 dubium·

335 2062 487 2164 ,potest
521 2063 616 2154 effe,
657 2067 750 2165 quid
785 2065 1017 2142 Anastalium
1052 2052 1326 2165 Imperatorem
1370 2067 1626 2164 permoverit,
1663 2066 1927 2140 chlodoveum
1962 2063 2122 2143 Patricii
2178 2126 2181 2130 .

254 2184 288 2250 ,’
365 2186 533 2258 Romani
558 2187 706 2259 honore
732 2212 881 2259 ornare.
897 2181 933 2278 ⁹)
989 2192 1088 2259 Cum
1115 2189 1223 2259 enim
1258 2182 1468 2260 Anastasius
1493 2181 1730 2259 Francorum
1755 2181 2122 2283 potestatem,cu1
2108 2187 2118 2206 ‘

297 2316 307 2326 ‘
366 2304 469 2378 nihil
495 2302 575 2374 fere
601 2329 798 2402 opponere
825 2302 1022 2401 potuisset,
1061 2307 1184 2404 magis
1218 2305 1418 2405 magisque
1445 2304 1650 2379 accrescere
1675 2303 1845 2393 videret,
1884 2328 1962 2401 quo
1999 2304 2120 2378 modo

297 2458 311 2476 ν
367 2441 453 2495 ιιιιιι
476 2421 537 2495 sui
562 2421 702 2518 ipsius,
739 2441 825 2494 tum
842 2416 973 2496 ⁴totius
1009 2423 1165 2520 imperii
1191 2423 1411 2498 rationibus
1438 2424 1636 2500 consulere
1667 2423 1807 2497 melius
1840 2442 2015 2520 unquam
2049 2447 2119 2520 po·
2207 2446 2213 2452 “

366 2539 495 2626 tuerit,
525 2564 640 2635 quam
667 2566 724 2626 eo,
753 2566 831 2637 quo
858 2538 969 2611 simul
997 2566 1086 2611 cum
1112 2543 1305 2635 principis
1332 2548 1568 2612 Francorum
1595 2543 1763 2628 amicitia
1802 2541 1949 2639 gentis·
1965 2560 2122 2642 quoquo

367 2659 518 2731 animos
544 2656 614 2727 fibi
650 2657 897 2728 reconciliare
929 2654 1158 2728 videbatur?
1236 2656 1362 2753 Atque
1396 2655 1450 2727 ita
1484 2653 1694 2729 Anastasius
1729 2658 1774 2730 in
1809 2651 1945 2759 Gallia·
1967 2682 2123 2760 quoque

368 2775 525 2870 imperii
552 2775 745 2870 quandam
770 2771 841 2846 fibi
867 2770 1096 2846 conservasse
1121 2774 1275 2848 videtur
1300 2775 1474 2872 speciem.
1489 2770 1544 2867 ¹⁰)
1592 2780 1727 2873 Neque
1752 2765 1880 2850 tamen
1907 2774 2033 2852 defuit
2047 2802 2122 2855 no·

367 2920 420 2970 ιο
447 2894 588 2966 honori
613 2894 678 2965 sua
714 2893 872 2964 utilitas.
934 2893 1268 2990 Quemadmodum
1304 2893 1410 2967 enim
1445 2893 1658 2967 Chlodovei
1695 2886 1898 2995 patriciatu
1932 2895 2151 2972 subiectae·
2195 2919 2198 2923 ’
2251 2924 2255 2930 ’

368 3012 591 3109 provinciae
609 2995 716 3110 regis
751 3016 988 3098 Francorum
1021 3011 1230 3108 imperium
1262 3029 1447 3112 tanquam
1481 3013 1564 3085 iura
1597 3030 1636 3085 et
1668 3014 1753 3112 lege
1786 3012 1977 3088 sancitum
2009 3013 2123 3090 suilla

371 3128 644 3228 opinabantur,
671 3131 726 3204 ita
752 3130 901 3217 Franci,
927 3129 1116 3203 novitatis
1142 3131 1319 3204 illecebr‘a
1344 3127 1632 3228 quodammodo
1667 3129 1838 3227 decepti,
1865 3157 1974 3206 nunc
1998 3136 2130 3209 maio*

278 3342 284 3350 Ι
370 3275 472 3336 rem,
501 3274 617 3347 quam
643 3268 773 3338 antea,
809 3250 982 3346 ipsorum
1007 3249 1091 3348 regi
1125 3249 1315 3322 bonorem
1348 3248 1516 3322 tribuere
1552 3273 1637 3323 ιιοιι
1671 3248 1910 3324 dubitabant.
1961 3246 2017 3326 Et‘
2047 3256 2148 3329 buc‘
2192 3274 2204 3296 ⁴

372 3368 490 3442 modo
524 3368 669 3442 virtute
704 3369 768 3442 sua
807 3385 845 3441 et
882 3366 1085 3464 prudentia
1123 3368 1365 3442 chlodoveus
1399 3390 1484 3441 eam
1515 3365 1586 3442 fibi
1623 3386 1908 3466 comparaverat
1943 3374 2117 3470 gloriam.

372 3512 472 3602 quae
496 3487 568 3560 nist
594 3485 847 3597 parricidiis
822 3487 1041 3585 inquinata
1066 3483 1234 3576 fuerit,
1222 3513 1265 3561 tn
1293 3485 1435 3585 optimi
1462 3487 1648 3585 cuiusque
1673 3488 1859 3560 memoria
1892 3489 1991 3566 laeta
2024 3490 2120 3564 sem·
2236 3520 2245 3540 ·

338 3630 341 3634 ·
374 3631 442 3704 per
468 3630 557 3677 cum
591 3603 855 3679 recordatione
888 3604 1110 3680 versaretur
1174 3604 1247 3679 Sed
1278 3606 1401 3679 nimia
1427 3605 1646 3702 imperandi
1684 3606 1894 3704 cupiditate
1930 3607 2121 3696 incensus,

374 3723 557 3798 omnibus
584 3724 718 3797 ceteris
746 3705 872 3823 gentis
898 3723 985 3797 suae
1009 3725 1166 3823 regibus
1190 3749 1275 3797 non
1300 3721 1379 3798 fine
1403 3726 1626 3799 crudelitate
1653 3722 1852 3823 oppressis,
1887 3729 2127 3803 Francorum

353 3847 544 3945 'regimen
571 3839 641 3915 sibi
668 3840 739 3926 soli
763 3842 991 3917 vindicavit.
1007 3839 1059 3935 ¹¹)
1112 3843 1227 3939 Quod
1252 3840 1397 3916 tametsi
1424 3869 1493 3940 per
1518 3842 1557 3917 se
1582 3843 1753 3919 excusari
1780 3843 2008 3942 neutiquam
2032 3844 2121 3944 pos·
2242 3936 2249 3943 .

293 4051 300 4055 ,
372 3962 430 4052 iit,
458 3961 588 4037 causae
612 3978 742 4034 tamen
768 3979 807 4034 et
832 3961 1045 4056 confilium,
1072 3982 1140 4033 cur
1164 3960 1219 4034 ita
1238 3963 1357 4062 egerit
1368 3963 1624 4050 chlodoveus,
1650 3963 1739 4035 satis
1765 3963 1855 4036 iunt
1879 3964 1923 4037 in
1948 3982 2129 4064 promtu·

374 4080 619 4181 intelligebat
644 4078 749 4155 enim
773 4081 852 4153 ism
876 4098 991 4169 tunc,
1029 4105 1107 4179 quo
1141 4081 1268 4177 plures
1304 4082 1429 4179 gentis
1464 4079 1664 4154 cuiusdam
1701 4078 1817 4153 essent
1852 4083 2037 4171 rectores,
2074 4092 2140 4158 eo'

373 4196 635 4297 frequentiora
653 4219 692 4274 et
715 4201 862 4289 maiora
886 4199 1033 4299 semper
1058 4193 1196 4273 exstare
1222 4195 1502 4274 discordiarum
1520 4198 1786 4288 incitamenta,
1801 4223 1930 4299 neque
1950 4188 2119 4301 gentem,

375 4315 447 4391 nisi
473 4341 556 4390 uno
580 4335 736 4394 tantum
760 4338 925 4408 rectore,
953 4320 1001 4392 ad
1027 4317 1296 4408 concordiam,
1332 4336 1393 4408 et,
1434 4343 1530 4418 quae
1556 4318 1648 4393 inde
1672 4318 1901 4419 sequantur,
1934 4320 2128 4396 virtutem

375 4454 489 4538 atque
513 4435 783 4511 fortitudinem
807 4439 1006 4535 pervenire
1031 4434 1144 4535 polle.

475 4560 534 4629 lta
568 4554 689 4657 igitur
713 4556 968 4695 chlodoveus
1001 4553 1072 4630 sibi
1108 4571 1147 4632 et
1189 4557 1433 4660 Merovingis
1477 4561 1712 4635 Francorum
1745 4525 1923 4674 condidit
1957 4555 2118 4632 Monar-
