4590 5364
876 302 966 388 '··
1069 321 1137 428 ⁶a'
1226 362 1352 434 -s

211 539 301 614 lane
328 535 390 627 eil,
417 520 492 614 uec
515 537 653 614 lectori
678 560 752 613 nee
777 536 960 614 scribenti
986 536 1242 628 iniucundiua
1268 535 1478 634 quidquam
1502 536 1674 633 praeberi
1698 534 1825 636 poss'e,
1854 546 1968 639 quarn

211 646 508 735 domesticorum
532 638 1020 760 flagitiorumdescriptioss'
1066 659 1138 732 Sed
1173 651 1376 730 confilium
1407 651 1580 751 nostrum
1604 655 1772 757 flagitare
1797 658 1964 747 videtur,

140 813 144 826 ·
210 797 255 851 ut
281 759 448 852 breuiter
473 773 771 860 demonstretur,
802 794 992 876 quantum
1017 775 1065 850 ad
1089 773 1417 872 Merovingorum
1440 775 1642 848 interitum
1672 774 1874 852 domestica
1897 780 1966 852 illa

210 918 365 970 morum
390 895 558 994 pravitas
584 897 807 970 contulerit.
862 895 980 970 Cuius
1007 878 1164 994 quidem
1189 892 1283 968 fona
1309 910 1348 966 et
1372 893 1611 991 principium
1636 912 1717 967 erat
1749 896 1962 972 mulieroli·

211 1034 271 1088 taa
299 1013 388 1101 illa,
430 1038 526 1111 quae
562 1039 715 1093 novum
746 1014 934 1090 vitiorum
969 1015 1274 1095 incrementum,
1310 1036 1433 1087 novas
1470 1012 1608 1085 intulit
1646 1015 1973 1113 Merovingorum

209 1133 319 1231 genti
345 1133 590 1208 calamitates.
653 1134 766 1233 Quod
800 1151 928 1208 autem
967 1133 1206 1233 sigibertus,
1241 1131 1407 1207 fratrum
1441 1129 1688 1204 libidinosam
1721 1131 1966 1217 insolentiam
2028 1160 2032 1165 ·

208 1250 447 1350 indignatus,
461 1248 495 1344 ¹)
522 1276 630 1328 novo
656 1254 795 1328 domna
832 1253 918 1326 luae
955 1253 1092 1327 morbo
1127 1252 1341 1327 remedium
1378 1248 1573 1338 adhibuit,
1609 1266 1847 1350 quantopere
1881 1272 1966 1322 non

207 1360 360 1458 lanarit,
389 1370 454 1443 sed
478 1371 627 1444 auxerit
650 1372 751 1445 mala
777 1367 991 1459 domestica,
1020 1371 1106 1445 latia
1131 1384 1280 1446 uotum·
1298 1348 1383 1442 att*-
1411 1369 1537 1441 Duxit
1564 1367 1768 1456 nimirrma,
1793 1385 1840 1441 ut
1862 1385 1966 1440 reta-

208 1510 293 1561 rem
319 1489 460 1562 domus
485 1488 571 1563 suad
598 1489 775 1590 gloriam,
803 1508 843 1564 et
866 1491 1017 1591 regium
1042 1492 1243 1565 Malorum
1268 1489 1509 1586 splendorem
1533 1482 1775 1572 restauraret,
1801 1510 1967 1559 uxorem
2047 1550 2051 1558 .

211 1604 516 1696 brunichildem,
534 1605 782 1709 Athanagildi
807 1610 908 1707 regia
935 1610 1150 1684 Gothorum
1175 1603 1308 1696 filiam,
1335 1630 1500 1704 quacum
1527 1621 1715 1702 quantum
1741 1603 1879 1679 domua
1905 1606 1967 1679 la·

205 1739 326 1811 otum,
355 1741 543 1822 quautam
569 1722 883 1823 civitati‘pestem
908 1745 948 1800 et
972 1727 1183 1823 perniciem
1207 1724 1410 1813 intulerit,
1437 1724 1649 1822 Sigibertus
1676 1723 1777 1818 ipse,
1811 1721 1965 1818 futtuo·

69 1856 71 1862 “
204 1865 293 1914 rum
319 1843 463 1915 scilicet
489 1843 660 1943 ignarus,
687 1844 756 1916 vix
781 1867 825 1916 ac
849 1867 901 1916 no
925 1844 997 1918 vix
1022 1843 1179 1941 quidem
1203 1841 1337 1941 potuit
1371 1822 1592 1940 p'raelagire.¹
1654 1841 1727 1913 Sed
1764 1861 1840 1911 noa
1866 1860 1964 1936 quo·-

205 1983 279 2057 que
306 1961 510 2034 admiratio
536 1959 721 2057 quaedam
747 1958 885 2036 subeat
910 1959 1054 2035 neoelle
1079 1957 1152 2048 eft,
1178 1959 1206 2036 li
1231 1959 1492 2034 Brunichildia
1528 1957 1660 2032 laudea
1694 1953 1797 2055 apud
1822 1961 1964 2054 Grego-

15 2046 19 2061 ’
52 2113 56 2116 ·
204 2077 311 2152 rium
323 2071 360 2170 Ω)
394 2101 497 2152 cum-
518 2078 651 2153 latiori
682 2077 800 2175 ipfiua
836 2080 984 2152 malitia
1011 2102 1288 2178 comparamus.
1349 2079 1469 2153 cuius
1507 2076 1618 2152 caula
1652 2075 1835 2173 primaria
1872 2073 1965 2148 haec

206 2215 310 2273 erata
338 2193 521 2298 sigiberti
547 2195 663 2271 frater
689 2198 936 2295 chilpericus,
964 2199 1032 2296 qui
1056 2212 1167 2272 antea
1195 2199 1323 2295 plures
1348 2197 1532 2271 habuerat
1556 2193 1724 2292 pellicea,
1751 2193 1875 2294 magia
1901 2192 1963 2267 in·
1995 2254 2001 2260 .

137 2385 144 2391 .
203 2313 320 2402 vidia,
338 2332 393 2391 ,ut
418 2314 519 2389 mihi
543 2314 708 2403 videtur,
727 2354 781 2373 ·-
805 2316 944 2413 quidni
969 2317 1075 2388 enim
1101 2315 1262 2414 inlignia
1281 2316 1441 2391 fratemi
1460 2311 1838 2413 coniugiilpleudor
1858 2311 1962 2386 inri-
2065 2404 2071 2415 ,

202 2432 308 2505 diam
332 2436 529 2531 quandam
555 2457 711 2504 movere
735 2432 937 2527 potuerit?
963 2469 1016 2486 -·
1042 2457 1156 2526 quam
1181 2433 1314 2505 fratria
1340 2432 1507 2527 exempli
1532 2429 1727 2505 honestate
1748 2446 1961 2526 permotus,

139 2534 144 2568 ¹
203 2549 468 2623 ematurata
494 2548 684 2634 sororem,
711 2546 994 2636 oatsuintham,
1021 2547 1278 2645 totamm
1304 2549 1635 2648 ratumagum
1662 2548 1787 2644 pout
1853 2552 1960 2643 Quae

202 2663 410 2764 postquam.
428 2665 464 2740 ei
488 2667 563 2741 boc
589 2664 735 2742 scilicet
759 2684 872 2764 pacto
907 2666 1032 2741 fuerat
1067 2664 1255 2755 cancella,
1290 2684 1337 2740 ut
1370 2683 1511 2740 ceteras
1547 2665 1697 2767 generis
1731 2662 1961 2739 oblcrua'tate

202 2808 288 2859 non
313 2785 458 2873 minua,
485 2809 601 2884 quam
626 2784 730 2860 vitae
762 2782 982 2858 inhonestae
1015 2786 1177 2860 maculis
1210 2786 1426 2885 ignobiles,
1465 2808 1560 2884 quae
1596 2782 1725 2857 secum
1761 2783 1956 2867 babuerat,

201 2902 383 2978 mulieres
409 2904 632 2992 dimitteret,
658 2903 919 2978 nihilomiuus
945 2920 1076 2978 tamen
1102 2903 1205 2978 haud
1228 2906 1351 3004 longo
1372 2903 1560 3000 temporie
1586 2902 1713 3000 spatio
1731 2898 1958 2998 interpolito

200 3023 256 3097 lta
281 3020 541 3121 Fredegundia
568 3021 762 3110 deliderio,
790 3045 887 3120 quae
913 3039 992 3095 erat
1018 3045 1097 3096 uua
1123 3048 1171 3096 ex
1195 3019 1275 3096 istie
1301 3022 1538 3095 mulierculis
1565 3023 1751 3118 cuiusque
1776 3021 1961 3095 omnium
2010 3045 2024 3059 ⁸

200 3140 401 3217 blanditiis
427 3140 594 3216 maxime
620 3143 828 3216 delectatus
853 3139 963 3216 suilla
986 3140 1141 3216 videtur
1167 3142 1416 3239 chilperipua,
1444 3133 1601 3215 affectus
1626 3139 1696 3213 elle
1722 3139 1876 3226 dicitur,
1898 3155 1957 3218 ut,

203 3259 311 3333 datae
335 3255 595 3354 promiffionis
620 3259 809 3360 religione
843 3261 1041 3359 neglecta,
1076 3253 1162 3335 eam
1194 3260 1237 3334 in
1275 3262 1435 3335 domum
1471 3259 1579 3335 suam
1614 3261 1755 3332 iterum
1790 3259 1976 3354 recipere-

201 3400 286 3452 uon
312 3377 514 3451 dubitaret.
569 3380 682 3480 Quod
708 3379 1044 3465 cum‘Galsuintha,
1070 3379 1174 3476 pacti
1199 3378 1315 3476 ipliua
1340 3395 1489 3478 patrem
1514 3380 1616 3452 inter
1641 3395 1680 3451 et
1696 3377 1956 3472 chilpericum

200 3494 294 3572 faeti
319 3517 404 3568 non
429 3493 647 3583 immeritor,
675 3494 923 3593 comperiss'et,
951 3495 1085 3571 dolore
1109 3496 1276 3596 percuffa
1302 3498 1346 3571 in
1373 3499 1536 3594 patriam
1552 3495 1664 3570 limul
1685 3520 1774 3569 cum
1791 3494 1955 3580 divitiis,

200 3636 295 3713 quaa
321 3610 427 3686 dotia
451 3615 617 3689 nomine
642 3615 859 3715 chilperico
883 3615 1073 3704 attulerat,
1101 3616 1225 3690 redire
1257 3616 1505 3692 vehementer
1537 3613 1727 3712 cupiebat.
1780 3617 1954 3687 Domum

93 3740 98 3746 ’
199 3754 293 3805 vero
320 3729 399 3805 iam
424 3729 687 3829 profecturam
712 3734 960 3829 chilpericus,
986 3733 1103 3832 ipfiua
1130 3735 1513 3836 divitiarum-magia,
1540 3758 1656 3833 quam
1682 3732 1825 3807 amoris
1845 3731 1955 3827 cupi·

202 3848 288 3935 dua,
313 3848 520 3925 crudeliter
544 3847 709 3924 interfici
733 3844 889 3943 iuffie³)
941 3851 1047 3926 Hine
1072 3853 1173 3928 illud
1197 3855 1428 3951 inexplebile
1462 3851 1752 3929 Bntniahildem
1786 3853 1890 3924 inter
1914 3865 1953 3921 et

50 4019 57 4031 .
201 3963 493 4064 Fredegtmdem
519 3967 674 4056 odiuma
700 3968 794 4043 hinc
818 3968 983 4045 fratrum
1007 3971 1186 4048 interitus
1198 4028 1210 4064 ,
1236 3974 1330 4048 hinc
1355 3974 1523 4050 civitatis
1547 3969 1659 4072 postia
1685 3989 1724 4044 et
1747 3967 1964 4067 pentima.-

199 4082 304 4160 Fieri
329 4084 436 4159 euim
458 4111 543 4163 uon
580 4088 732 4186 potuit,
769 4090 866 4187 quin
891 4089 1152 4166 Brunicltildia
1186 4093 1328 4168 sororia
1364 4093 1667 4168 internecionem
1693 4085 1980 4186 Fndegmada·

198 4226 316 4302 quam
340 4203 459 4298 paulo
483 4201 568 4302 poll
593 4207 777 4308 coniugio
803 4204 873 4283 fibi
897 4209 1032 4284 iunxit
1057 4210 1311 4310 chilpericus,
1336 4229 1491 4299 auctore
1516 4225 1704 4308 patratam
1728 4202 1839 4282 fuille
1865 4207 1950 4304 opi·

196 4338 366 4398 narenu.
418 4321 596 4399 Vindieta
617 4349 712 4399 vero
736 4349 855 4400 nemo
881 4329 1005 4428 magia
1031 4327 1195 4428 gaudet,
1220 4353 1338 4427 quam
1371 4328 1556 4404 foemina.
1567 4318 1604 4420 ⁴)
1658 4331 1741 4401 Hae
1775 4323 1949 4403 viudin·

198 4465 281 4517 nou
295 4436 426 4527 ,modo
452 4441 646 4547 naturales
681 4441 772 4516 illae
796 4461 836 4516 et
861 4446 977 4519 semel
1008 4449 1240 4522 inveteratae
1259 4445 1443 4525 ,naama
1467 4446 1696 4522 inimicitiae
1729 4442 1859 4521 denuo
1885 4471 1948 4519 ex-

201 4542 417 4683 altabanttu
442 4556 774 4664 augebanturque,
800 4559 865 4639 ted
897 4563 1101 4664 turpitudo
1126 4583 1166 4642 et
1192 4567 1428 4671 mutumelia
1460 4566 1787 4669 merovingorum
1813 4563 1948 4652 domui
