4590 5364
1049 336 1254 505 ··.· 60
1355 397 1476 440 ...⁸

334 598 491 700 ‘quibus
518 596 636 671 suerit
673 587 849 692 effeetus,
886 586 1186 693 investigare,
1172 593 1381 682 mueniet,¹
1393 577 1663 669 difficultates
1673 593 1776 669 haud
1800 619 1939 694 paucas
1966 593 2101 686 obesse,

351 720 448 816 quin
476 711 613 814 quaesti
615 716 683 786 oni
709 695 919 786 satisfacere
945 708 1065 818 possit.
1119 684 1340 807 Saepiffiine
1358 712 1467 784 enim
1489 737 1559 809 pro
1596 709 1863 788 historicorum
1900 715 2108 790 ieiunitate·

322 861 458 911 ¹roras
495 847 625 906 'rerum
651 832 779 906 causas
806 849 919 927 atque
944 847 1140 902 momenta
1167 829 1391 928 cognoscere
1424 816 1646 920 nonlicet,
1682 827 1993 935 etquamvistn
2020 840 2104 908 Me-

352 952 607 1053 toringorum
649 952 808 1023 interitu
843 950 1079 1043 permultum
1114 965 1151 1019 et
1184 944 1336 1020 fortasse
1370 948 1585 1045 plurimum
1610 975 1692 1023 non
1728 967 1808 1022 tam
1842 953 1915 1024 arti
1950 953 2104 1026 cuidem

354 1091 466 1167 atque
493 1088 594 1144 certo
623 1067 778 1141 consilio
806 1068 1003 1146 Maiorum
1030 1065 1189 1152 domus,
1232 1050 1347 1170 quam
1373 1084 1593 1164 temporum
1619 1067 1762 1141 rationi
1788 1087 1900 1166 atque
1925 1065 2105 1143 vicissitu·

265 1212 274 1234 ⁸
355 1189 441 1264 dini
466 1190 641 1262 videatur
667 1182 742 1258 esse
762 1185 1064 1280 tribuendum,
1053 1202 1260 1261 1tatamen
1288 1185 1517 1284 ambigua,
1505 1204 1651 1259 incerta
1677 1203 1791 1283 atque
1817 1187 1976 1261 obscura
2003 1188 2108 1262 haud

274 1309 301 1324 ”
354 1332 438 1381 raro
475 1333 495 1378 a
531 1305 777 1401 scriptoribus
814 1299 1127 1390 narrantur,·-'ut
1165 1322 1358 1398 quatenus,
1388 1319 1425 1375 et
1451 1321 1639 1399 quantum
1663 1307 1755 1377 haec
1780 1306 1861 1403 ipsa
1888 1324 2108 1402 temporum

355 1425 455 1499 ratio
484 1426 530 1496 ad
555 1424 875 1521 Merovingorum
900 1421 1025 1521 labem
1050 1438 1162 1522 atque
1187 1421 1340 1494 minam
1365 1421 1547 1524 valuerit,
1584 1419 1805 1518 perdifficile
1830 1423 1876 1497 sit
1902 1408 2106 1520 explicatu.

269 1531 274 1538 ’
356 1542 488 1643 Quid?
511 1541 615 1638 quod
642 1541 833 1635 permulta
858 1563 952 1625 non,
979 1536 1052 1648 nisi
1078 1524 1218 1638 magna
1244 1539 1423 1614 cautione
1450 1538 1620 1612 adhibita
1646 1540 1801 1613 adrem
1825 1538 1991 1628 nostram
2017 1541 2108 1616 illu·

355 1657 544 1737 sitandam
577 1655 733 1754 possunt
766 1655 971 1752 usurparit
1022 1658 1151 1729 Multa
1189 1657 1296 1730 enim
1308 1638 1561 1755 scriptorum
1584 1659 1648 1730 rel
1672 1657 1823 1732 inscitia
1848 1660 1914 1735 val·
1937 1660 2109 1758 partiunt

356 1775 501 1864 studio,
530 1780 651 1847 multa
677 1773 904 1869 posteritatis
931 1755 1087 1869 stultitia
1112 1775 1187 1844 sive
1215 1774 1410 1858 consulto,
1437 1773 1513 1847 sive
1538 1794 1698 1864 temere,
1725 1781 1845 1857 multa
1874 1773 1989 1850 etiam
2014 1795 2111 1850 tem·
2127 1817 2130 1820 ⁴

246 1878 250 1882 ¹
359 1896 466 1994 poris
499 1893 649 1964 iniuria
679 1908 716 1961 et
749 1915 850 1980 mera
886 1889 991 1981 casus
1017 1889 1229 1960 temeritate
1256 1906 1433 1985 corrupta
1460 1906 1573 1985 atque
1600 1890 1800 1987 depravata
1827 1897 1927 1968 sunt.
1980 1901 2112 1993 Itaque

360 2013 451 2086 inde
479 2007 755 2085 difficultates
743 2033 821 2080 1am
848 1991 936 2082 satis
965 2032 1096 2105 graves
1123 2007 1313 2094 oriuntur,
1340 2024 1385 2078 ut
1410 1990 1527 2077 'mihi
1533 2007 1698 2082 videtur.
1751 2011 1901 2086 Deinde
1919 2037 2011 2087 vero
2030 2037 2113 2087 non
2195 2046 2198 2052 ¹

362 2129 623 2205 omittendum
650 2122 719 2212 est,
755 2144 800 2197 ut
825 2125 1153 2222 Merovingorum
1173 2125 1375 2211 interitus,
1416 2149 1649 2221 quamquam
1675 2153 1743 2223 per
1769 2128 1806 2202 se
1833 2156 1921 2207 oum
1948 2119 2113 2203 aliorum

361 2247 585 2346 principum·
610 2245 700 2317 labe
720 2239 841 2340 potest
867 2241 1089 2338 comparari,
1117 2243 1347 2339 proprietate
1375 2259 1504 2315 tamen
1541 2246 1705 2340 quadam
1730 2265 1769 2319 et
1795 2248 1938 2327 diuersa
1965 2249 2115 2324 ratione
2211 2290 2213 2295 ·

259 2358 266 2372 ’
363 2363 602 2440 astutilibua.
624 2361 670 2437 sit
686 2357 994 2459 distinguendus.
1048 2366 1150 2433 Sunt
1173 2383 1263 2434 vero
1290 2361 1333 2432 in
1359 2363 1721 2498 Merovingorum
1709 2366 1876 2439 rnteritu
1896 2366 1972 2439 tria
1997 2365 2114 2464 potise

320 2559 322 2565 Α
363 2482 523 2577 imum,
560 2504 655 2580 quae
691 2479 845 2576 propria
880 2477 949 2552 esse
981 2483 1213 2587 putaverim.
1274 2480 1431 2573 Proprie
1466 2482 1653 2591 nimirum
1679 2480 1728 2556 est
1754 2486 1853 2583 regia
1879 2490 2116 2584 Francorum

162 2660 166 2673 ,
262 2632 264 2637 ·
363 2603 684 2698 Matovingorum
720 2614 839 2666 aetate
878 2596 1071 2679 condano,
1110 2595 1268 2690 propria
1292 2592 1428 2667 deinde
1454 2618 1606 2684 eorum,
1645 2602 1713 2692 qui
1740 2600 1983 2674 infractam
1971 2626 2051 2677 ιιιιιι
2077 2619 2118 2676 et

364 2718 602 2797 debilitatam
638 2712 960 2808 Merovingorum
993 2729 1147 2810 gentem
1184 2711 1232 2781 ad
1265 2709 1393 2807 ipsum
1431 2735 1553 2809 usque
1596 2715 1795 2788 interitum
1840 2718 2116 2818 perduxerunt,

329 2911 335 2922 ,
363 2834 731 2923 Maiarum-domus,
760 2829 952 2939 conditior
966 2830 1136 2925 -propria
1161 2828 1326 2926 denique
1351 2830 1414 2903 via
1441 2837 1479 2903 e‘t
1504 2832 1619 2920 ratio,
1644 2857 1718 2929 qua
1744 2835 1909 2932 regalem
1934 2832 2005 2908 fibi
2029 2854 2117 2932 pot·

365 2952 518 3030 estatem
551 2953 722 3024 Maiores,
746 2949 882 3021 domus
908 2946 1046 3048 sensim
1075 2945 1286 3044 sensimque
1319 2947 1580 3056 vindicarunt.
1646 2957 1725 3024 Has
1752 2952 1872 3050 igitur
1905 2952 2117 3051 proprieta-

247 3122 254 3140 ,
366 3090 443 3162 tea,
488 3072 678 3169 quantum
713 3092 784 3166 pro
821 3067 877 3140 rei
903 3066 1157 3172 amplitudine
1185 3085 1223 3139 et
1248 3067 1398 3139 virium.
1418 3065 1635 3141 nostrorum
1661 3070 1848 3147 tenuitate
1872 3068 2116 3170 fieri-potest,

328 3234 332 3252 ι
367 3177 570 3290 arquicare2
594 3189 712 3262 huius
737 3182 883 3262 nostrae
909 3185 1245 3263 commentationis
1271 3186 1390 3283 partis
1417 3182 1467 3260 est
1493 3184 1706 3295 consilium

1160 3643 1261 3728 Car.
1292 3643 1328 3726 Ι

370 3835 434 3931 De¹
459 3855 560 3956 regis
588 3855 825 3927 Francorum
852 3850 1066 3935 conditione
1094 3851 1421 3949 Merovingorum
1447 3863 1586 3924 aetate
1641 3856 1708 3924 D'e
1733 3852 1989 3953 Merovingis‚
2019 3856 2057 3928 ἰι
2075 3853 2120 3928 de

663 3993 668 3999 ’
1008 3983 1226 4117 Gsrlodoveo.
1253 3982 1483 4057 Monarcita.

1163 4192 1226 4283 §.
1265 4210 1300 4263 ι.

470 4377 799 4477 Quemadmodum
825 4374 925 4454 illud
950 4377 1200 4475 praecipuum
1224 4371 1396 4471 historici
1421 4370 1472 4459 est
1498 4369 1698 4465 officium,
1737 4393 1783 4451 ut
1816 4403 1913 4478 quae
1937 4348 2123 4474 emurque
2177 4428 2183 4435 .

368 4498 424 4572 nai
461 4499 593 4572 causae
611 4499 772 4572 suerint
806 4496 1028 4583 efficientes,
1066 4521 1237 4592 quaeque
1272 4494 1559 4573 consecutiones
1586 4490 1761 4584 effectae,
1797 4491 1885 4571 satia
1922 4495 2121 4592 perspicue

308 4708 311 4717 ¹
367 4609 560 4716 exponat,
588 4619 641 4692 ita
667 4619 712 4690 in
736 4618 808 4692 hac
832 4611 955 4691 nostra
981 4612 1318 4691 commentatione.
1334 4614 1464 4688 causae
1490 4629 1529 4689 et
1553 4617 1749 4699 rationes.
1784 4607 1934 4715 quibua.
1953 4614 2123 4695 maxima
