4590 5364
838 1469 841 1474 -
925 1396 1159 1503 PARS
1232 1396 1315 1506 ll.

249 1628 483 1746 Quomodo
517 1631 765 1752 quibusque
798 1611 975 1718 artibus
1005 1633 1170 1756 Maior
1202 1631 1361 1717 densus
1393 1662 1443 1715 eo
1473 1633 1704 1750 pervenit,
1736 1653 1787 1718 ut
1806 1634 1996 1750 soemslo

666 1803 825 1868 octavo
858 1784 953 1902 ipso
986 1813 1127 1895 regno
1156 1783 1305 1902 potiri
1331 1779 1577 1903 potuerit?
1800 1752 1807 1759 ι
1990 1788 1994 1799 ’

972 2044 1263 2116 Introitut

241 2196 290 2326 P
293 2272 412 2334 oracta
438 2257 559 2361 igitur
583 2284 661 2335 una
687 2259 1026 2335 commentationis
1051 2256 1197 2333 nostrae
1223 2275 1348 2358 parte,
1388 2270 1452 2347 et‚'
1485 2256 1512 2333 si
1537 2285 1620 2334 non
1647 2258 1695 2332 ad
1721 2261 1870 2336 exitum
1904 2262 1990 2363 qui·

228 2374 327 2485 odom
344 2372 518 2466 adducta,
546 2396 761 2474 „quaenam
780 2378 897 2451 suerit
923 2379 968 2448 in
994 2383 1228 2449 Francorum
1254 2403 1373 2474 regno
1399 2378 1564 2450 Maioris
1592 2380 1729 2450 domus
1748 2381 1872 2474 prima
1898 2406 1991 2455 con·

239 2492 376 2582 ditio‘s
403 2496 457 2566 ita
483 2512 612 2567 tamen
640 2493 810 2567 absoluta
838 2489 1074 2589 quaestione,
1112 2511 1155 2564 ut
1189 2490 1237 2564 ad
1271 2494 1380 2566 illam
1416 2493 1551 2588 δόκησιν
1585 2501 1649 2588 τῆς
1682 2498 1847 2590 ἀληθείας
1874 2521 1990 2594 quam

239 2605 320 2687 fieri
345 2611 475 2709 potuit
507 2611 682 2708 proxime
707 2612 806 2685 mihi
831 2612 961 2685 videar
987 2605 1180 2700 accesisse,
1201 2603 1308 2683 'haec
1342 2612 1456 2684 altera
1492 2636 1601 2709 pars,
1637 2636 1732 2707 quae
1764 2614 1988 2712 priusquam

235 2745 324 2825 apte
349 2729 571 2828 pertractari
596 2727 735 2826 pollet,
764 2732 809 2803 de
835 2731 977 2826 prioris
1012 2714 1238 2829 argumento
1267 2729 1359 2801 certi
1394 2729 1541 2826 aliquid
1559 2725 1805 2803 'statuendum
1839 2734 1985 2828 putavi,

235 2842 522 2922 nalla'fortaffo
547 2845 768 2920 diffictrltatc
794 2847 978 2943 impedita
1006 2864 1043 2919 et
1066 2872 1135 2940 per
1161 2848 1197 2919 se
1223 2847 1310 2919 satis
1336 2847 1533 2942 perspicua
1559 2844 1630 2918 elie
1653 2846 1836 2948 vitientur.
1898 2856 1986 2949 Quo

237 2965 376 3040 certius
405 2968 510 3040 enim
537 2983 651 3063 atque
678 2966 889 3041 accuratius
915 2966 958 3037 in
984 2964 1106 3060 priori
1132 2982 1238 3059 parte
1265 2989 1353 3037 cum
1380 2963 1542 3037 omnino
1559 2964 1721 3037 Maioris
1738 2964 1875 3041 domus
1896 2993 1987 3043 con·

235 3080 444 3181 ditionem,
472 3101 558 3157 tum
583 3085 785 3182 praecipue
811 3081 926 3180 ipsius
953 3107 1043 3154 cum
1068 3107 1155 3181 rege
1180 3079 1486 3155 necessitudinem
1512 3083 1707 3177 explorare
1731 3086 1846 3158 nobis
1873 3105 1986 3183 atque

234 3196 391 3275 desinire
417 3227 488 3299 pro
514 3202 571 3275 rei
597 3201 882 3300 impedimentis
908 3201 1073 3286 licuerit,
1112 3224 1157 3272 eo
1184 3200 1337 3274 facilius
1363 3225 1469 3273 nunc
1495 3185 1648 3272 etcum
1673 3202 1818 3272 minori
1843 3207 1983 3278 erroris

184 3352 187 3357 ·
231 3319 416 3415 periculo,
444 3345 539 3417 quae
565 3339 781 3417 quantaque
808 3322 899 3394 huic
926 3316 1163 3393 ministeriali
1188 3319 1232 3391 in
1258 3323 1422 3419 regalem
1449 3318 1574 3390 sedem
1590 3319 1710 3414 ipsam
1732 3322 1981 3415 perveniendi

231 3436 358 3511 oblata
384 3437 503 3513 suerit
529 3436 694 3526 occasio,
721 3439 930 3537 perspicere
957 3458 1069 3536 atque
1092 3439 1286 3511 enucleare
1312 3425 1518 3535 possumus.
1571 3438 1627 3509 Ac
1651 3435 1825 3533 profecto
1850 3464 1980 3514 veram
2009 3427 2015 3440 ⁸

230 3582 358 3630 rerum
392 3573 568 3629 naturam
594 3575 706 3653 atque
731 3559 919 3630 rationem
944 3559 1062 3631 libere
1090 3575 1201 3654 atque
1217 3554 1295 3629 fine
1317 3555 1573 3653 praeiudicata
1599 3554 1787 3651 opinione
1814 3557 1978 3633 conside·
2038 3594 2046 3601 „
2151 3582 2155 3589 ’

233 3676 334 3748 ranti
360 3675 403 3748 in
432 3675 753 3774 Merovingorum
778 3677 938 3747 interitu
965 3703 1032 3773 per
1057 3677 1093 3749 se
1118 3675 1279 3748 minime
1299 3672 1396 3747 novi
1423 3671 1632 3768 quidquam
1658 3691 1696 3745 et
1721 3673 1868 3748 insoliti
1895 3703 1979 3750 eve·

228 3788 334 3879 osilia
362 3795 449 3870 satis
475 3793 694 3892 persuasum
718 3793 800 3864 erit
839 3795 1021 3865 Videmus
1048 3796 1154 3866 enim
1180 3791 1278 3866 illud
1303 3792 1393 3865 inde
1419 3791 1465 3862 ab
1492 3791 1630 3863 ultima
1656 3809 1875 3889 temporum
1900 3819 1977 3868 me·

229 3898 354 3983 moria
381 3909 527 4009 saepius
554 3911 778 4009 repetitum,
805 3928 867 3997 ut,
896 3908 1045 4007 quoties
1072 3912 1114 3996 ii,
1140 3935 1255 4005 penes
1282 3934 1378 4008 quos
1406 3908 1598 3981 summum
1624 3910 1750 4008 gentis
1778 3909 1978 3985 cuiusdam

228 4026 437 4123 imperium
463 4048 560 4120 erat,
587 4056 648 4118 ea,
676 4054 771 4127 quae
798 4052 925 4127 regem
950 4029 1011 4101 vel
1038 4028 1306 4124 imperatorem
1330 4052 1413 4101 non
1440 4029 1547 4100 decet
1571 4024 1708 4113 modo,
1750 4027 1813 4098 sed
1839 4030 1977 4126 cuique
2081 4024 2097 4039 “

226 4143 396 4245 principi
421 4170 517 4241 opus
555 4146 623 4237 est,
661 4150 805 4222 virtute
832 4165 944 4244 atque
970 4145 1092 4219 animi
1118 4143 1340 4243 praestantia
1368 4163 1557 4233 carerent,
1603 4145 1670 4215 alii
1707 4161 1746 4217 et
1771 4169 1844 4242 pro
1862 4147 1972 4245 ‘ipso-

225 4289 315 4356 rum
350 4263 571 4360 conditione
605 4266 775 4364 principi
808 4266 979 4362 proximi
1004 4283 1043 4336 et
1076 4254 1257 4364 ingenio,
1295 4265 1438 4337 virtute
1476 4282 1588 4358 atque
1613 4261 1822 4356 prudentia·
1841 4268 1973 4340 ceteris

200 4377 476 4481 'pmellontcs‚
501 4385 642 4478 purtim
666 4382 709 4452 vi
733 4399 773 4452 et
796 4384 924 4469 armis,
951 4381 1092 4477 partim
1118 4383 1209 4454 dolo
1236 4399 1275 4451 et
1299 4378 1462 4465 artibus,
1489 4381 1720 4454 inclinatum
1745 4379 1826 4454 iam
1849 4385 1897 4456 ad
1923 4388 1973 4458 la·

225 4500 313 4574 bem
337 4502 551 4599 principem
589 4499 851 4596 opprimerent
887 4516 925 4572 et
951 4499 1138 4572 summam
1164 4494 1346 4593 sibiipsis
1372 4495 1615 4572 vindicarent
1637 4495 1869 4597 potestatem.
1921 4503 1973 4574 Aa

124 4648 129 4657 ·
225 4640 318 4696 voro
349 4616 380 4697 fi
414 4619 501 4724 quis
534 4617 746 4693 accusatius
779 4618 1100 4718 Meroviogorum
1123 4615 1328 4731 interitum
1351 4615 1521 4693 voluerit
1545 4617 1743 4695 enucleare
1767 4637 1806 4694 et
1831 4620 1971 4710 causas,

1533 4756 1567 4830 G
