4590 5364
967 292 1023 349 ···.
1120 279 1199 390 ¹³⁶.
1302 292 1356 316 ··

286 478 501 561 Campaniae,
532 493 686 539 revocare
714 470 863 554 cupienti
894 465 1017 531 dedisse
1049 464 1188 528 diciturr
1244 460 1404 540 „Recede
1426 482 1445 523 a
1467 460 1584 537 nobit,
1616 483 1636 523 o
1658 462 1795 536 mulier,-
1813 458 1950 523 sufficiat
1973 462 2034 523 tibi

284 578 343 641 sub
366 581 439 640 viro
463 572 601 643 tenuisse
622 595 767 687 regnum
823 570 921 633 Nunc
949 585 1058 631 autem
1086 566 1174 629 lilius
1195 582 1271 628 tuus
1300 580 1433 650 regnat,
1461 585 1664 655 regnumque
1689 565 1760 624 einr
1782 585 1847 626 nou
1871 568 1948 637 tua',
1982 562 2035 623 led

286 678 389 742 nostra
413 679 557 741 tuitione
579 647 736 738 [anund
770 675 825 736 Tu
854 693 932 735 vero
954 669 1068 733 recede
1090 691 1108 731 a
1131 669 1246 744 nobie,
1280 689 1321 729 ne
1344 684 1377 730 te
1400 673 1543 753 ungulae
1566 687 1723 748 equorum
1755 664 1933 727 uollrorum
1963 686 2035 723 enm

284 798 369 843 terra
393 776 624 842 confodiantf‘
647 805 690 820 -
732 774 831 861 Greg.
854 778 932 836 Tur.
956 771 1001 849 6,
1028 781 1126 850 4.-
1169 771 1205 833 si
1228 772 1276 832 sar
1298 768 1342 832 est
1362 773 1546 833 recentiora
1568 790 1641 830 cum
1665 768 1807 851 antiqnia
1837 787 2035 848 comparare

260 896 319 943 ‘et
341 881 365 941 sr
387 902 497 942 verum
521 878 582 954 est,
613 892 650 938 ut
680 876 841 938 interdum
870 875 984 939 finilia
1015 873 1147 938 diversa
1176 873 1377 959 temporibus
1400 871 1613 935 exstiterint
1604 871 1754 956 rugeuia,
1783 866 1869 929 band
1892 866 1971 940 scio,
1996 890 2035 924 an

286 980 531 1044 brunichildem
554 1002 626 1051 curu
649 977 825 1042 catharina
848 976 902 1039 illa
924 976 1143 1052 Mediceensr,
1176 975 1314 1039 Ilenrici
1336 976 1371 1038 11
1393 996 1515 1050 uxore,
1541 977 1701 1036 collocare
1723 971 1831 1033 liceat.

372 1116 426 1190 16)
449 1114 703 1186 Childebertnr,
734 1112 897 1199 sigiberto
918 1127 1011 1195 patre
1034 1113 1228 1186 interfecto,
1253 1133 1271 1172 a
1293 1109 1512 1173 Gundobaldo
1537 1111 1571 1170 in
1594 1124 1763 1194 paternum
1794 1124 1932 1189 regnum
1953 1100 2037 1162 inlli-

286 1216 445 1290 tnebatur,
471 1218 555 1292 „rix
577 1213 672 1278 lustro
695 1215 810 1276 aetatia
832 1235 898 1277 uno
915 1215 978 1276 iam
1001 1212 1172 1300 peracto.“
1195 1214 1295 1298 Greg.
1318 1216 1400 1275 Tur.
1422 1220 1464 1289 5,
1489 1232 1518 1274 ι.
1542 1238 1586 1256 ·-

372 1470 405 1546 ι)
430 1472 527 1555 Greg.
552 1472 630 1531 Tur.
653 1476 691 1546 5,
714 1476 746 1546 5.
790 1466 875 1545 „lile
897 1490 975 1532 vero
998 1469 1107 1554 sugam
1131 1469 1237 1531 inienr
1260 1467 1299 1530 ad
1323 1467 1546 1556 chilpericum
1569 1488 1677 1553 regem
1700 1463 1849 1536 transiit,
1875 1463 2037 1523 facultati·

285 1575 343 1633 bna
379 1572 442 1633 suia
473 1571 548 1635 fiseo
580 1572 665 1657 regia
685 1572 878 1633 Guntramni
902 1568 1071 1632 dirnilsrr.“
1093 1600 1138 1615 ·-
1159 1570 1229 1633 lbd.
1252 1582 1290 1648 8,
1314 1580 1375 1650 42:
1421 1574 1535 1645 „Dum
1559 1592 1576 1630 a
1601 1564 2037 1652 FredegundeBeppolenur

285 1674 350 1734 dux
375 1673 468 1735 valde
492 1675 707 1761 fatigaretur,
745 1695 806 1735 nec
836 1675 930 1734 iuxta
958 1671 1127 1757 personam
1158 1672 1244 1733 suam
1268 1675 1299 1734 ei
1322 1672 1429 1734 bonor
1451 1671 1580 1732 debitur
1615 1666 1874 1752 impenderetur,
1905 1684 2038 1727 cernens

284 1772 315 1837 se
338 1773 481 1859 despici,¹
500 1774 539 1835 ad
563 1774 798 1836 Guntrarnnum
826 1796 933 1861 regem
949 1772 1068 1836 abiit.“
1112 1773 1245 1860 Fredgr·
1270 1796 1298 1836 c.
1320 1784 1376 1853 52,
1400 1788 1433 1835 et
1456 1776 1556 1834 multa
1579 1772 1642 1833 alia
1663 1774 1745 1832 loca.
1768 1796 1813 1812 -·

372 1875 407 1951 Β)
432 1875 529 1961 Greg·
552 1876 631 1936 Tur.
655 1886 693 1948 7,
720 1893 748 1935 ι’.
1083 1868 1086 1873 ’
1409 1868 1413 1875 ’

368 1974 406 2052 3)
430 1976 594 2037 Praeclare
617 1980 798 2061 exemplum
821 1972 887 2039 ibd.
910 1974 1104 2056 6,13·-·

367 2080 402 2155 4)
426 2078 522 2165 Greg.
546 2080 625 2139 Tur·
648 2091 686 2152 3,
709 2093 767 2156 31:
864 2108 909 2124 -
930 2107 973 2125 -
995 2109 1041 2124 -
1072 2082 1174 2142 Erant
1196 2096 1303 2142 autem
1335 2077 1392 2141 snb
1415 2079 1549 2142 Arriana
1571 2077 1659 2143 secta
1681 2078 1849 2141 virenter:
1894 2074 1938 2135 Et
1962 2072 2038 2154 quia

285 2177 484 2241 consuetudo
514 2200 625 2239 eorum
648 2175 710 2251 est,
740 2195 778 2239 ut
808 2123 847 2240 ad
877 2138 1026 2240 aliariuru
1051 2182 1222 2243 venientes
1252 2179 1292 2241 de
1315 2183 1381 2242 alio
1405 2182 1507 2241 culice
1529 2200 1621 2265 regar
1643 2178 1917 2292 communicent³
1943 2188 1975 2233 et
1999 2170 2037 2229 ‹le

288 2282 354 2342 alio
376 2283 519 2364 populun
543 2279 658 2351 minor,
684 2301 843 2340 venenum
861 2305 893 2340 ιιι
917 2282 1017 2342 calice
1041 2283 1098 2342 illo
1114 2280 1243 2394 posuit,
1268 2281 1308 2343 de
1333 2304 1398 2364 quo
1421 2297 1524 2361 mater
1546 2264 1881 2379 comnipnicaturn⁸
1847 2290 1925 2337 eruat
1963 2274 2037 2355 Quo

286 2379 343 2441 illa
373 2378 485 2440 bausto
515 2380 666 2462 protinus
696 2393 821 2439 mortua
859 2377 910 2438 est·
955 2378 1032 2441 Nou
1070 2380 1157 2441 enim
1194 2382 1328 2442 dubium
1366 2362 1437 2456 ell,
1460 2364 1526 2442 tale
1557 2380 1753 2442 maleficium
1784 2377 1846 2440 elle
1875 2344 1919 2438 de
1947 2389 2040 2463 parta

281 2478 465 2544 Diaboli-‘⁶
486 2507 531 2521 ·-

369 2578 406 2658 5)
441 2579 537 2664 Greg.
568 2580 650 2640 Τιιι.
678 2588 718 2657 5,
750 2578 803 2657 56.
857 2576 1066 2667 Aullregildia
1108 2582 1276 2656 nimirum,
1311 2580 1504 2642 Guntramni
1534 2581 1620 2666 regis
1650 2603 1753 2655 uxor,
1792 2600 1864 2639 cum
1898 2575 2036 2645 viderat,

270 2679 315 2744 ·se
338 2697 472 2742 mortem
496 2680 637 2767 effugere
660 2703 725 2742 non
752 2679 858 2766 posse,
884 2681 980 2767 ipfiur
1005 2682 1063 2742 sali
1089 2682 1194 2745 socios
1217 2682 1335 2745 lubere
1358 2678 1493 2744 roluilse
1516 2680 1658 2757 dicitnr,
1682 2680 1781 2766 idque
1804 2678 1887 2740 banc
1911 2676 2034 2738 scilicet

284 2784 326 2846 ob
340 2782 492 2849 ,causeum
520 2797 558 2842 ut
587 2781 761 2865 exsequiae
792 2806 859 2843 nou
888 2783 953 2843 line
983 2788 1157 2844 multorum
1185 2786 1337 2845 lacrumis
1360 2799 1393 2845 et
1415 2788 1507 2844 luctu
1530 2783 1781 2847 celebrarentur.
1838 2768 1923 2843 Satis
1947 2779 2032 2840 enirn

282 2885 421 2959 sciebat,
447 2885 610 2946 neminem
635 2883 731 2967 ipsrur
755 2884 870 2945 sunern
890 2888 1121 2946 lacrumantem
1142 2885 1387 2969 prosecuturum
1411 2882 1486 2947 else.
1533 2885 1742 2970 Quapropter
1764 2882 1964 2945 medicorum
1988 2881 2034 2939 iu·

283 2985 407 3048 scitiam
431 3001 464 3046 et
488 2985 736 3069 imprudentiam
759 3001 978 3070 praematurae
1002 2984 1115 3047 mortis
1146 2985 1254 3047 causar
1283 2979 1451 3049 accusabat
1482 3003 1515 3049 et
1545 3008 1563 3048 a
1597 2985 1803 3049 Guntramno
1835 2982 2036 3045 sacramento

282 3088 448 3171 exigebat,
472 3103 508 3146 ut
532 3087 718 3168 simulatque
742 3086 807 3170 ipsa
831 3086 977 3170 spiritum
1014 3085 1163 3162 ediderit,
1187 3085 1222 3149 hi
1247 3086 1305 3172 ipsi
1328 3085 1446 3149 medici
1476 3088 1625 3171 protinus
1649 3086 1896 3149 trucidarentur.
1942 3081 2039 3165 Quod

285 3188 525 3260 Guntramnua,
551 3211 610 3272 pro
635 3187 769 3270 quadani
793 3189 894 3248 animi
918 3188 1145 3249 imbecillitate
1167 3189 1387 3272 obtemperare
1411 3190 1525 3276 magia,
1550 3209 1646 3273 quam
1668 3189 1827 3272 imperare
1852 3185 2038 3258 consuetur,

284 3310 351 3350 uon
376 3287 473 3349 modo
496 3310 561 3347 nou
585 3286 774 3371 prohibuit,
799 3286 852 3350 scd
876 3289 974 3351 etiarn
998 3288 1110 3374 persici
1134 3288 1232 3351 iussit.
1256 3320 1299 3333 -

367 3389 406 3462 6)
430 3391 528 3475 Greg.
551 3387 695 3464 Τιιι.6,
730 3400 781 3467 35.
806 3419 849 3435 -

369 3490 406 3566 7)
431 3491 520 3552 Nota
543 3489 618 3550 satis
640 3490 714 3552 sunt
736 3490 915 3577 Rigunthia
939 3492 1132 3554 infortunia.
1178 3495 1221 3556 At
1244 3494 1267 3557 6
1290 3516 1355 3556 ιιοιι
1379 3492 1496 3562 ess'ent,
1519 3494 1693 3581 inspiciat,
1717 3494 1774 3579 qui
1797 3494 1979 3555 accuratius
2003 3514 2038 3551 ra

285 3592 481 3681 cognoscere-
511 3593 642 3678 cupiat,
679 3592 775 3680 Greg.
801 3596 878 3655 Tur.
900 3593 941 3669 6,
974 3604 1034 3672 45;
1064 3624 1109 3642 -·
1140 3606 1181 3673 7,
1212 3615 1253 3679 93
1283 3611 1389 3674 -7,
1424 3606 1486 3677 15,
1517 3597 1645 3683 aliaque
1675 3600 1768 3683 plura
1796 3596 1875 3658 libri
1904 3592 1926 3656 6
1956 3608 2039 3655 et'*

284 3699 365 3758 loca.
385 3723 431 3740 -·

369 3797 407 3873 8)
430 3797 522 3859 llaec
543 3796 697 3856 nimirum
719 3796 925 3884 fredegundi
949 3798 1084 3860 exilium
1106 3799 1316 3865 Praetextato
1340 3801 1536 3877 minitanti,
1560 3780 1757 3889 respondisse
1779 3799 1887 3863 sertur
1909 3790 2032 3881 episeo-

287 3913 364 3981 puet
394 3898 504 3983 (Greg.
528 3901 610 3963 Tur.
633 3907 674 3975 8,
697 3898 766 3977 31.)
810 3900 908 3985 „Ego
931 3897 1053 3984 semper
1076 3898 1168 3962 etin
1191 3904 1293 3966 exilio
1317 3918 1349 3964 et
1368 3918 1458 3963 extra
1492 3902 1629 3969 exilium
1652 3901 1837 3989 Episcopna
1861 3900 1936 3971 fni,
1970 3898 2035 3958 lum

287 4011 401 4060 etero·
434 3999 518 4062 Nam
541 4016 578 4063 tu
592 4023 661 4063 noa
682 3999 807 4086 semper
828 4004 928 4087 regali
949 4002 1100 4086 potentia
1121 4005 1311 4084 perfrueris⁴
1356 4005 1427 4068 Nor
1451 4004 1490 4065 ab
1513 4005 1617 4066 exilio
1640 4002 1853 4086 prorebimur
1875 4000 2039 4061 tribueme

283 4098 419 4163 Deoia
442 4120 593 4184 reguumr
625 4117 663 4164 tn
683 4125 762 4165 vero
784 4103 824 4164 ab
847 4102 911 4165 boc
932 4124 1034 4189 regno
1056 4101 1250 4189 demergeria
1274 4107 1308 4167 in
1330 4104 1495 4189 Abylsum.
1540 4105 1681 4168 Rectiur
1703 4105 1790 4163 euim
1814 4119 1881 4164 erat
1905 4101 1979 4173 tibi,
2003 4096 2053 4164 nt'

284 4200 397 4265 relicta
431 4197 565 4264 stultitia
597 4219 695 4286 atque
727 4205 882 4267 malitia'
873 4226 936 4265 ram
960 4221 992 4266 te
1013 4204 1054 4265 ad
1076 4206 1213 4267 meliora
1234 4224 1461 4283 converterer,
1493 4220 1530 4270 et
1549 4206 1589 4268 ab
1614 4204 1792 4280 iactantia,
1831 4222 1893 4291 qua
1916 4202 2040 4289 seraper

285 4303 405 4374 serre,
429 4301 643 4375 abstraheris,
668 4321 703 4365 ut
726 4323 759 4366 et
781 4321 817 4366 tu
839 4308 938 4367 ritum
961 4306 1184 4390 adipiscererir
1207 4324 1382 4384 aeternam,
1408 4327 1441 4371 et
1464 4311 1658 4392 parvulum,
1692 4325 1787 4390 quem
1814 4304 1963 4417 genuisti,
1986 4306 2038 4364 arl-

284 4401 401 4466 ducere
425 4401 464 4462 ad
489 4405 664 4487 legitimam
687 4405 791 4489 polsea
822 4407 998 4469 aetatem.“
1021 4437 1065 4450 -

292 4504 627 4593 &Cir-,siret
649 4507 869 4585 Τ..ιιι5,οι
891 4518 1010 4586 08-
1031 4517 1149 4591 4,st
1178 4524 1243 4573 eot.
1347 4533 1358 4553 ⁰
