4590 5364
933 327 1139 441 ..geg
1244 346 1295 368 .-

226 524 333 598 enirn
355 521 483 597 Fiscus
504 521 700 594 thesaurus
726 519 905 617 publicus
931 516 1007 594 sive
1033 519 1232 607 aerarium,
1260 539 1339 617 quo
1364 515 1578 618 vectigalia,
1605 522 1780 617 portoria
1806 508 1853 597 et‘
1870 549 1984 627 quae·

147 720 154 727 ,
224 665 376 737 cunque
402 641 477 712 alia
499 640 546 714 ad
571 642 715 713 reditus
741 640 804 715 vel
830 637 980 711 fructus
1005 639 1184 734 publicos
1207 635 1476 732 spectaverint,
1505 639 1819 738 congerebantur.
1859 651 1984 744 Quem
2031 644 2035 661 ’

132 808 141 818 -
225 760 272 831 ad
297 759 448 832 Fiscum
474 784 512 833 v.
539 744 571 832 c.
599 754 927 854 compositionum
954 758 1138 853 quaedam
1164 779 1250 852 pars
1276 753 1497 853 pertinuisse
1530 759 1701 845 videtur,
1723 752 1759 850 ²)
1799 779 1837 833 et
1863 765 1983 839 comi.

223 895 280 949 tes
307 876 483 950 debitum
508 874 703 973 quoddam
728 875 930 951 servitium
968 873 1139 946 intulisse
1174 875 1380 974 Gregorius
1415 893 1553 948 narrat.
1569 868 1602 968 ³)
1625 896 1629 903 ·
1656 876 1809 951 Fiscum
1846 883 1983 956 Palatii

223 991 377 1068 sonasse
402 994 564 1067 eundem
591 993 810 1068 thesaurum
835 991 1038 1089 publicum
1065 1009 1198 1065 auctor
1225 990 1420 1067 Gestorum
1455 997 1605 1091 Regum
1631 999 1868 1069 Francorum
1891 1023 1981 1094 pro·

223 1116 358 1207 pterea'
378 1115 632 1209 nuncupavit,
645 1104 681 1204 ⁴)
711 1108 815 1210 quod
840 1111 885 1182 in
912 1111 1011 1209 regis
1040 1110 1187 1183 Palatio
1212 1107 1292 1185 sine
1318 1111 1438 1185 dubio
1466 1111 1513 1182 ad
1538 1113 1626 1185 usus
1653 1115 1833 1208 publicos
1848 1139 1983 1192 recon-

149 1273 154 1279 ·
224 1227 392 1303 debatur.
449 1231 571 1306 Sicuti
597 1257 688 1306 vero
715 1233 993 1326 imperatorum
1018 1232 1286 1303 Romanorum
1320 1229 1515 1303 thesaurus
1552 1230 1682 1305 Fiscus
1719 1230 1798 1307 fera
1836 1235 1983 1333 semper

222 1350 496 1445 appellabatur,
524 1350 579 1422 ita
604 1353 648 1423 in
684 1354 920 1423 Francorum
953 1372 1074 1447 regno
1113 1373 1199 1422 non
1235 1346 1353 1421 modo
1388 1349 1527 1448 regalia
1562 1346 1759 1424 thesaurus
1794 1351 1933 1440 Fiscus,
1945 1348 1983 1447 ³)

221 1490 357 1542 verum
384 1469 501 1555 etiam
526 1467 694 1569 srngulae
728 1469 843 1543 villae
870 1484 935 1538 aut
960 1462 1220 1562 possessiones,
1257 1491 1351 1563 quae
1378 1466 1481 1565 quasi
1517 1487 1642 1563 partes
1677 1469 1784 1543 illius
1818 1456 1983 1545 thesauri

222 1582 343 1667 lirant,
371 1588 469 1660 Fisci
494 1588 595 1661 haud
622 1611 707 1660 raro
733 1587 1000 1670 nominantur,
1026 1585 1081 1658 ita
1108 1584 1289 1682 quidem,
1316 1603 1362 1655 ut
1387 1586 1614 1680 plerumque
1640 1587 1874 1660 adiectivum
1900 1614 1983 1676 „re-

93 1692 97 1697 ’
221 1705 346 1802 galis“
372 1706 436 1777 vel
462 1705 641 1803 „regius“
668 1720 895 1798 apponatur.
905 1692 941 1790 ⁶)
994 1704 1091 1777 Inde
1116 1726 1233 1796 porro
1260 1699 1406 1772 suctum
1433 1698 1503 1786 esi,
1530 1718 1576 1774 ut
1601 1725 1683 1789 res,
1718 1728 1814 1801 quaa
1843 1708 1890 1778 ad
1924 1731 1982 1779 re·

223 1822 327 1918 gales
352 1823 465 1896 villas
493 1840 530 1892 et
556 1817 789 1915 poffeffionis
815 1814 1036 1912 pertinuisse
1070 1816 1272 1900 videntur,
1307 1814 1453 1889 fiscales
1486 1818 1796 1913 perhiberentur3
1831 1823 1887 1894 ita
1921 1825 1984 1896 ina

142 2030 147 2037 ⁶
223 1939 401 2011 venimus
429 1939 567 2011 domus
594 1929 805 2025 fiscales,⁷)
833 1933 1008 2006 iumenta
1041 1924 1248 2026 fiscalia,⁸)
1273 1934 1485 2008 vinitorem
1510 1930 1742 2027 fiscalem,⁹)
1770 1955 1809 2010 et
1834 1964 1882 2011 ex
1907 1941 1983 2016 hoc

223 2079 361 2155 genere
387 2046 508 2128 multa
534 2053 619 2127 alia.
668 2051 816 2126 seriori
843 2050 999 2148 quidem
1033 2066 1209 2146 tempore
1235 2051 1353 2124 etiam
1378 2054 1547 2127 Maiores
1574 2055 1733 2143 domus,
1761 2080 1861 2131 cum
1877 2059 1984 2160 regit
2103 2090 2129 2105 ··
2206 2109 2215 2121 -

124 2236 129 2247 .
221 2170 382 2272 potestas
396 2174 487 2246 iam
512 2196 633 2268 paene
658 2169 812 2267 prorsus
839 2171 981 2244 adhoc
1008 2167 1272 2243 ministeriales
1299 2189 1546 2266 pervenerat,
1574 2168 1715 2246 fiscales
1741 2173 1982 2270 possessiones

222 2311 407 2391 tanquam
427 2292 600 2388 proprias
623 2286 801 2375 habuisse,
828 2314 875 2362 ex
901 2287 1036 2361 multis
1062 2287 1292 2384 scriptorum
1318 2285 1543 2363 testimoniis
1563 2293 1795 2366 concludere
1813 2297 1913 2391 licet.
1927 2293 1981 2391 ια)

223 2409 516 2511 Significatione
542 2427 670 2481 autem
698 2405 984 2502 quodammodo
1012 2408 1193 2475 translata
1222 2404 1384 2477 verbum
1409 2407 1508 2475 Fisci
1532 2409 1857 2507 Merovingorum
1884 2434 1982 2490 catab

222 2549 262 2603 te
287 2531 435 2602 bonum
460 2528 559 2599 illud
584 2523 809 2619 publicum,
835 2523 898 2594 vel
933 2545 1115 2620 agrorum
1142 2522 1335 2618 quandam
1361 2523 1698 2610 communionem,
1726 2528 1772 2602 da
1799 2554 1873 2626 qua
1906 2530 1981 2607 fin.

88 2646 99 2671 ⁸
225 2648 326 2746 gulis
352 2651 587 2719 Francorum
621 2641 687 2714 sua
725 2639 863 2738 cuique
900 2663 985 2734 pars
1023 2637 1070 2711 ad
1107 2638 1229 2712 vitam
1263 2639 1560 2729 concedebatur,
1597 2642 1776 2717 indicasse
1813 2647 1978 2725 videtur.

223 2763 361 2840 Franci
384 2763 572 2838 nimirum
596 2759 741 2833 iteratis
768 2758 812 2830 in
840 2758 984 2830 Galliae
1009 2757 1232 2853 provincias
1257 2757 1543 2832 incursionibus
1569 2777 1693 2872 totam
1718 2761 1797 2836 sere
1817 2767 1980 2841 Galliam
2089 2820 2103 2832 .
2200 2824 2205 2833 .

154 2874 159 2881 ⁶
222 2885 268 2959 in
293 2882 463 2981 ipsorum
488 2874 711 2976 potestatem
736 2875 981 2974 redegerant,
1005 2899 1093 2947 non
1120 2877 1184 2947 ita.
1200 2893 1341 2964 tamen,
1368 2893 1426 2962 ut,
1453 2902 1549 2975 quae
1576 2892 1760 2975 occupata
1787 2880 1914 2972 essent,
1943 2887 1982 2961 ei

222 3001 307 3088 soli,
336 3025 451 3099 quem
477 2997 644 3070 Romani
670 3019 799 3094 regem
824 2997 1058 3073 Francorum
1085 2993 1285 3089 putabant,
1314 3015 1362 3065 ex
1386 2995 1453 3068 suo
1481 2994 1595 3090 ipsius
1622 2997 1781 3074 arbitrio
1815 3003 1980 3103 regenda
2079 3046 2085 3055 =

227 3140 340 3218 atque
367 3116 630 3192 distribuenda
656 3113 988 3210 permitterentur,
1025 3110 1089 3184 sed
1116 3113 1246 3208 potius
1282 3112 1355 3198 ita,
1391 3129 1436 3183 ut
1463 3131 1560 3209 quot
1598 3117 1823 3206 comitatus,
1863 3147 1981 3219 quem
2097 3189 2103 3198 ‚

223 3244 366 3312 vocant
392 3237 605 3331 scriptores,
632 3232 746 3317 socii,
774 3231 939 3303 totidem
966 3253 1120 3314 eorum,
1148 3253 1245 3328 quae
1271 3229 1492 3304 coniunctis
1530 3229 1645 3307 simul
1676 3222 1825 3311 viribus
1861 3262 1980 3336 expo.

224 3352 448 3457 gnavislent,
477 3348 762 3451 quodammodo
790 3345 906 3422 essent
930 3347 1148 3444 participes.
1211 3346 1325 3446 Quod
1362 3356 1408 3422 ut
1441 3369 1542 3425 recte
1579 3349 1787 3429 efficeretur
1820 3373 1858 3430 et
1893 3382 1980 3434 non

223 3473 342 3551 modo
368 3472 483 3547 semel
509 3487 692 3566 occupata
718 3487 817 3542 terra
842 3484 929 3563 apte
955 3463 1131 3553 defendi,
1165 3490 1302 3541 verum
1328 3467 1445 3542 etiam
1472 3470 1681 3567 imperium
1706 3477 1836 3573 augeri
1863 3495 1980 3574 atque

91 3634 105 3649 =
224 3589 450 3691 amplificari
476 3587 606 3686 posset,
633 3606 734 3661 certa
761 3586 1017 3660 distribuendi
1042 3585 1192 3658 ratione
1218 3605 1256 3661 et
1295 3588 1461 3686 quadam
1497 3590 1700 3687 disciplina
1737 3618 1837 3690 opus
1870 3592 1981 3671 suilla

224 3711 388 3789 videtur.
438 3714 530 3782 Erat
561 3731 654 3779 vero
680 3705 770 3779 talis
802 3699 1012 3779 necesitate
1046 3702 1148 3803 quali
1175 3699 1308 3779 effecta
1334 3706 1537 3805 disciplina
1562 3688 1778 3788 fera'haecz
1831 3715 1979 3812 Cuique

225 3833 459 3903 Francorum
495 3851 583 3927 ager
617 3825 797 3925 quidam,
833 3846 950 3920 quem
986 3818 1263 3896 administraret
1296 3843 1336 3898 et
1368 3825 1517 3902 fructos
1551 3827 1643 3901 inde
1677 3849 1827 3927 caperet
1861 3856 1980 3930 quam

46 3922 55 3947 ²
140 3928 146 3940 ⁸
226 3945 437 4034 rraaximos,
473 3949 651 4023 laborum
685 3941 788 4043 quast
820 3941 1077 4015 remuneratio
1116 3958 1230 4038 atque
1253 3945 1469 4038 praemium
1501 3942 1779 4021 concedebatur
1812 3972 1860 4021 ex
1894 3966 1977 4025 tota

224 4084 324 4138 terra
351 4082 545 4159 occupata.
598 4061 675 4139 Hic
700 4062 808 4136 enim
835 4078 914 4133 erat
939 4064 1174 4133 Francorum
1201 4061 1417 4159 thesaurus,
1454 4064 1520 4138 hic
1545 4065 1686 4139 Fiscus.
1740 4064 1976 4141 Huiusmodi

226 4178 413 4256 beneficio
437 4174 489 4270 ¹¹)
535 4207 627 4256 vero
665 4182 775 4257 velut
808 4178 1042 4253 sacramento
1078 4173 1278 4251 obstrictus
1314 4181 1477 4278 quisque
1511 4181 1548 4255 se
1588 4184 1790 4257 comitatus
1826 4181 1977 4261 socium

223 4325 342 4398 porro
368 4296 541 4401 profiteri
567 4318 605 4373 et
630 4301 778 4386 ducem,
806 4297 959 4394 quoties
986 4321 1083 4391 opus
1111 4294 1210 4387 esset,
1236 4295 1342 4392 sequi
1378 4317 1534 4372 coactus
1561 4317 1650 4372 erat
1672 4292 1722 4393 1²)
1775 4304 1879 4379 Huic
1915 4305 1978 4379 Fi·

225 4419 278 4492 sci
303 4398 425 4515 parti,
464 4439 578 4513 quam
615 4417 700 4512 quis
726 4431 883 4512 propter
920 4411 1105 4507 stipendia
1133 4415 1197 4485 val
1220 4438 1363 4487 munus
1391 4415 1584 4511 quoddam
1616 4418 1816 4515 publicum
1852 4414 1975 4497 susce·

121 4628 135 4639 η
224 4552 337 4632 ptum
361 4553 576 4632 acceperat,
602 4533 644 4607 id
670 4533 905 4632 opponitur,
931 4527 1188 4631 quodcunque
1222 4531 1424 4629 proprium
1448 4532 1518 4609 libi
1551 4537 1715 4638 quisque
1746 4539 1974 4630 vindicarat,

1534 4674 1571 4744 D
