4590 5364
906 349 960 366 -.
1066 335 1113 404 17
1217 326 1368 378 ...ζ

193 515 389 599 Maiomm
423 518 562 594 domus
594 518 757 593 nomine
792 517 836 602 in
870 518 1104 590 Francorum
1141 538 1260 616 regno
1274 511 1549 595 Ministerialis
1586 518 1799 622 designatos
1836 525 1949 604 fuisse

192 643 386 736 opinetur,
414 640 575 711 alterum
599 638 656 711 rei
681 636 880 720 familiaris
907 636 1007 736 regis
1033 634 1271 732 praefectum
1284 627 1331 727 3),
1360 636 1524 740 alterum
1549 637 1743 714 summum
1762 643 1806 718 in
1824 670 1945 746 regno

192 756 368 833 iudicem.
424 763 526 855 Quae
553 755 739 830 sententia
766 771 953 854 quatenus
981 753 1070 827 cum'
1095 754 1246 852 vulgari
1270 754 1338 828 illa
1364 773 1563 854 congruat,
1574 756 1720 856 senique
1739 759 1853 836 facile
1873 788 1943 862 pa·

192 892 259 951 tet.
314 882 420 949 Nam
453 875 507 946 ita
538 893 692 947 tantum
729 875 774 947 ab
812 874 880 961 iis,
927 873 995 970 qui
1020 872 1212 957 Maiorem
1250 871 1386 946 domus
1415 875 1545 969 pueris
1574 876 1687 973 regiis
1713 879 1950 974 praesectum

193 988 303 1065 fuille
328 1011 535 1088 putanmt,
571 991 783 1066 diffenotur
808 989 1069 1082 Sismondius,
1108 1007 1175 1076 ut,
1201 1009 1352 1087 praeter
1383 991 1488 1064 hunc
1514 992 1570 1065 rei
1597 991 1830 1070 domesticae
1845 1001 1946 1099 regis

193 1107 295 1208 quast
320 1111 619 1198 moderatorem,
655 1113 774 1184 alium
807 1109 980 1183 eiusdem
1004 1107 1177 1200 nominis
1204 1133 1288 1181 non
1314 1126 1394 1181 tam
1419 1111 1538 1209 regis,
1576 1135 1693 1209 quam
1718 1114 1845 1212 gentis
1872 1119 1947 1191 mi·

183 1223 419 1303 misterialem
444 1231 489 1302 in
514 1235 746 1303 Francorum
769 1229 927 1315 ‚civitate
954 1225 1204 1302 constitutum
1230 1224 1340 1299 fuille
1365 1243 1497 1324 putet,
1525 1229 1633 1303 cuius
1650 1255 1797 1304 nomen
1816 1250 1945 1308 tamen
2080 1250 2087 1260 '

193 1344 238 1427 in
272 1345 353 1443 ipsa
386 1353 620 1461 Francorum
656 1346 860 1422 vernacula
893 1350 1029 1446 lingua
1054 1344 1266 1419 Morddom
1292 1344 1420 1420 fuerit.
1476 1353 1605 1445 Quum
1630 1374 1721 1424 vcro
1748 1352 1791 1424 iu
1817 1354 1946 1448 primo
2000 1449 2006 1454 1

194 1466 530 1540 commentationis
565 1463 712 1540 nostrae
749 1467 871 1563 capite
907 1465 1019 1551 satis,
1056 1481 1122 1536 aut
1148 1481 1248 1537 certe
1275 1482 1464 1562 quantum
1489 1491 1561 1562 pro
1587 1467 1733 1540 virium
1759 1473 1946 1548 tenuitate
1993 1524 1996 1536 ·

193 1581 283 1677 fieri.
301 1584 452 1679 potuit,
480 1582 779 1658 demonstratum
804 1583 868 1673 fit,
905 1610 972 1657 cur
995 1582 1166 1679 vulgaris
1194 1580 1239 1654 de
1265 1582 1428 1656 Maioris
1456 1584 1593 1657 domus
1621 1587 1770 1684 origine
1796 1587 1945 1664 senten·

72 1772 79 1795 ,
193 1701 247 1773 tia
274 1702 429 1797 probari
465 1727 549 1795 non
583 1699 715 1796 polsrt,
751 1702 798 1770 de
832 1703 951 1774 altero
991 1698 1199 1773 Sismondii
1231 1699 1380 1771 Maiore
1408 1701 1544 1771 domus
1570 1699 1649 1773 fere
1675 1704 1778 1774 nihil
1803 1709 1944 1794 habeo,

195 1819 299 1913 quod
326 1819 511 1889 adiiciam.
563 1819 613 1900 At
640 1815 787 1906 eredere
812 1817 881 1886 vix
906 1812 1068 1910 possum,
1096 1812 1193 1885 duos
1221 1836 1362 1910 eosque
1387 1839 1547 1897 munere
1573 1833 1654 1888 tam
1680 1819 1847 1894 diversos
1873 1825 1945 1897 mi·

192 1929 409 2020 nisteriales,
430 1932 565 2006 eodem
583 1950 713 2035 tamen
728 1933 889 2006 nomine
910 1928 1021 2006 fuille
1041 1931 1264 2029 appellatos.
1306 1932 1422 2029 Quod
1439 1957 1531 2008 vero
1544 1935 1810 2008 Mummolum
1830 1938 1945 2011 Wad-
2047 2008 2054 2017 ,

194 2052 337 2125 donem
371 2068 409 2126 et
439 2049 692 2151 Badegisrlum
716 2049 942 2124 huiusmodi
967 2049 1135 2122 Maiores
1162 2049 1301 2122 domus
1328 2047 1439 2125 fuiffe
1465 2053 1666 2127 contendit
1691 2054 1945 2146 Sismondius,

193 2165 436 2246 Mummolus
463 2171 632 2268 quidem,
660 2168 803 2269 etiamsi
827 2170 884 2242 rei
908 2167 1091 2242 familiari
1109 2166 1211 2266 regis
1228 2166 1463 2265 praepositus
1489 2169 1618 2259 fuerit,
1647 2172 1789 2269 semper
1816 2191 1947 2248 tamen

156 2322 161 2328 ·
192 2313 297 2377 non,
324 2287 396 2362 nifi
421 2286 637 2361 Praefectus
648 2278 686 2378 ⁴)
713 2289 958 2375 nominatur,
985 2286 1090 2384 quod
1116 2309 1261 2359 nomen
1288 2288 1372 2361 aliis
1400 2313 1572 2387 quoque,
1610 2283 1678 2386 qui
1703 2317 1785 2364 non
1812 2270 1943 2368 huius·

66 2508 69 2513 ,
194 2410 304 2503 modi
328 2412 486 2480 munere
512 2406 676 2499 praediti
701 2402 809 2472 fuisse
834 2403 1035 2487 dicuntur,
1064 2402 1212 2494 saepius
1240 2403 1425 2475 tribuitur
1437 2397 1485 2493 ³).
1538 2410 1597 2478 De
1623 2406 1825 2482 Waddonc
1850 2435 1943 2485 vero
2038 2424 2065 2444 ’“

195 2542 235 2596 et
261 2528 420 2621 Gogone
446 2524 524 2591 iam
557 2521 600 2592 in
636 2519 946 2592 antecedentibus
981 2519 1104 2591 sermo
1131 2513 1232 2607 fuit,
1272 2521 1502 2615 (Cap.1.§.
1531 2522 1782 2617 5·.)-quorum
1806 2543 1945 2600 neuter

127 2681 130 2684 ·
195 2641 296 2739 regis
324 2640 378 2713 rei
405 2636 586 2710 familiari
610 2635 825 2734 praefectus
850 2633 960 2711 fuill'e
985 2636 1160 2723 videtum
1188 2659 1421 2736 quamquam
1442 2635 1592 2711 Waddo
1619 2639 1666 2710 ab
1692 2640 1777 2737 ipso
1803 2645 1945 2742 Grego-

195 2761 255 2833 rio
281 2756 360 2833 fere
386 2759 529 2853 semper
553 2756 683 2829 Maior
709 2756 847 2829 domus
872 2760 1131 2854 nuncupatur.
1185 2757 1311 2855 Atque
1344 2751 1449 2827 unde
1475 2756 1700 2829 concludere
1725 2758 1837 2846 licet,
1876 2766 1945 2834 Ba·
1981 2845 1988 2853 ,

196 2874 394 2978 degifilum
420 2874 558 2948 domus
584 2875 710 2975 regiae
735 2872 971 2968 praefectum
1003 2873 1132 2963 fuisse,
1179 2878 1225 2948 de
1259 2898 1337 2970 quo
1370 2872 1471 2944 nihil
1506 2891 1704 2962 narratur,
1752 2875 1824 2952 nili
1858 2872 1946 2953 eum

196 2995 417 3094 episcopum
443 2989 553 3068 fuisso
580 2993 801 3067 ordinatum
813 2982 879 3083 ⁶)2
932 2997 1050 3099 'Num
1076 3018 1123 3066 ex
1158 2994 1241 3068 solo
1267 2989 1430 3063 Maioris
1457 2986 1595 3065 domus
1621 2993 1804 3083 nomine,
1842 2997 1947 3095 quod
2030 3061 2035 3069 ,

196 3115 233 3188 ci
256 3111 470 3187 tribuitur?
494 3148 547 3168 -
599 3119 702 3212 Quae
729 3136 819 3184 cum
844 3109 898 3183 ita
923 3104 1008 3196 lint,
1035 3133 1106 3183 nec
1129 3113 1225 3185 duos
1242 3109 1345 3182 idem
1360 3104 1507 3181 nomen
1533 3109 1698 3183 habuisse
1723 3110 1946 3186 ministeria·

119 3287 130 3305 ,
196 3233 270 3317 les,
290 3256 362 3304 nec
372 3226 564 3305 Maiorem
591 3233 728 3306 domus
754 3230 810 3302 rei
837 3223 1059 3301 domesticae
1084 3231 1184 3329 regis
1209 3226 1445 3324 praefectum
1471 3222 1590 3313 fuisse,
1609 3228 1707 3300 mihi
1726 3230 1946 3325 persuasum

74 3362 81 3371 ”
197 3343 272 3433 est,
294 3346 366 3422 nili
402 3347 504 3424 forte
541 3350 596 3421 ita
623 3348 862 3422 Sismondius
889 3345 1005 3444 ipfius
1033 3347 1262 3436 sententiam
1287 3342 1521 3418 intellectam
1549 3346 1738 3434 voluerit,
1775 3363 1819 3420 ut
1844 3372 1946 3424 uuus

197 3484 246 3540 ex
269 3464 346 3539 suis
372 3466 587 3540 Maioribus
614 3463 764 3551 domus,
792 3489 906 3563 quem
928 3466 1072 3539 seilicet
1096 3464 1233 3538 domus
1260 3463 1383 3562 regiae
1408 3459 1642 3559 praefectum
1676 3481 1812 3559 putat,
1840 3463 1945 3541 idem

196 3582 335 3667 fuerit,
389 3599 501 3680 atque
541 3584 671 3659 Maior
710 3585 797 3669 illc,
842 3608 959 3683 quem
997 3609 1086 3659 cum
1121 3586 1387 3658 Romanorum
1426 3581 1559 3658 villico
1606 3581 1717 3681 supra
1754 3607 1945 3683 compara·

196 3725 334 3779 vimus.
367 3736 419 3773 ⁸.-

1014 3915 1051 4003 ς.
1092 3933 1129 3985 2.

302 4076 415 4172 Quod
445 4098 537 4152 vero
573 4076 621 4151 ad
654 4077 817 4151 alterum
842 4076 1033 4150 Maiorem
1059 4079 1198 4153 domus
1223 4079 1415 4176 pertinet,
1444 4098 1561 4176 quem
1587 4070 1824 4149 sirmondus
1849 4071 1950 4149 sum·

198 4215 308 4270 mum
334 4193 376 4263 in
403 4219 523 4294 reguo
549 4197 717 4271 iudicem
742 4214 854 4294 putat
867 4191 923 4289 ¹),
961 4194 1065 4269 haud
1090 4193 1276 4271 dissimilis
1306 4199 1398 4270 haec
1422 4194 1611 4269 sententia
1637 4214 1772 4264 eorum
1796 4190 1950 4266 videtur

200 4309 269 4385 elle
306 4312 537 4402 sententiae,
578 4315 646 4412 qui
680 4315 873 4389 Maiorem
900 4316 1038 4389 domus
1074 4340 1177 4401 cum,
1203 4315 1402 4388 Praefecto
1444 4309 1639 4384 Praetorio
1674 4311 1951 4407 imperatorum

197 4424 465 4505 Romanorum
493 4448 764 4526 compararunt
778 4424 826 4522 ⁹).
868 4435 990 4534 Quam
1007 4433 1338 4528 comparationem
1353 4426 1496 4505 etitmii
1520 4452 1605 4503 non
1629 4428 1750 4502 nimis
1777 4427 1951 4509 alienam,

200 4540 427 4651 ambiguum
460 4565 606 4623 tamen.
627 4566 740 4650 atque
774 4537 977 4626 incertam*
990 4568 1190 4650 propterea
1214 4548 1422 4647 praecipue
1457 4544 1527 4622 elle
1563 4545 1803 4645 putaverim,
1842 4542 1955 4646 'quod
