4590 5364
950 341 1015 364 ...
1119 283 1192 394 ui
1294 338 1347 360 ..

270 540 343 582 cere
365 539 429 579 ιιοιι
449 513 561 599 caleo,
593 512 730 580 maxima
750 533 820 596 cam
841 530 946 584 omnes
966 510 1120 594 primates
1141 530 1212 572 cum
1234 504 1342 571 liberis
1371 505 1405 570 in
1434 524 1502 570 tota
1536 505 1652 594 Austro
1684 509 1761 573 mibi
1793 507 2023 600 consanguinei

263 619 347 704 sint,
378 611 661 702 nonpossum
691 638 739 677 ea
766 608 1004 701 ais-sacere
1034 607 1341 696 disciplinam,
1374 632 1444 671 nac
1478 633 1724 699 quemquam
1745 611 2019 705 interficere.
2101 609 2134 674 '2

275 718 338 803 Ipsi
360 708 434 779 oero
455 706 514 801 per
535 712 781 802 me'insurgent,
807 732 839 775 ut
863 731 964 794 agaret
981 708 1209 799 superstitiose,
1234 734 1341 775 eornm
1363 727 1440 772 neta
1461 734 1523 772 aon
1544 714 1709 796 permittat
1737 714 1823 790 deus,
1848 734 1891 777 ut·
1905 741 1954 779 me
1975 724 2021 781 in·

263 813 352 908 serni
375 817 510 901 claustro
543 819 676 880 tradant
698 815 788 879 ect.“
810 846 851 860 ·-
895 812 1027 876 Deinde
1050 835 1120 897 cap.
1144 825 1229 909 39:x
1249 844 1314 889 „-
1338 843 1378 855 -·
1402 814 1440 874 In
1463 812 1598 876 crniiino
1619 814 1742 899 primus
1764 815 1805 877 ad
1834 820 1905 882 eius
1934 841 2038 882 man·⁴

258 910 394 980 ¹fiunem
415 921 560 1003 perrexit
581 918 767 983 Chrodiuus
790 917 830 978 sd
853 914 1080 992 ministerium,
1114 912 1234 975 bracile
1268 912 1394 994 Gogoni
1418 917 1455 975 in
1484 914 1567 978 collo
1598 924 1715 977 tenens.
1772 917 1870 1000 Quod
1901 923 2019 1006 reliqui

271 1035 453 1096 cernentes,
478 1017 567 1081 eet.“
588 1049 633 1065 -
675 1018 725 1081 lte
747 1018 878 1103 quidem
900 1013 935 1079 in
958 1032 1052 1079 textu
1075 1015 1165 1100 ipsos
1190 1016 1223 1079 in
1247 1018 1392 1100 nurgiuo
1419 1037 1500 1079 vero
1532 1015 1617 1098 apud
1645 1019 1704 1078 Du
1736 1017 1913 1081 Chesaium
1941 1021 2020 1084 haec
2061 1057 2066 1071 ·

270 1117 420 1181 adnotata
452 1118 493 1182 est
515 1122 669 1181 lectionis
690 1122 895 1218 varietnsp,
900 1117 1074 1192 ,brachium
1104 1115 1241 1196 Gogonis
1265 1119 1298 1177 in
1320 1140 1414 1177 ιιιιιιιιι
1436 1115 1578 1177 tenens.“
1599 1144 1644 1161 -·

355 1221 393 1298 3)
415 1223 474 1283 Du
497 1218 677 1288 Chennel,
668 1243 733 1305 ..p
757 1223 833 1299 734.
855 1247 900 1264 -·

351 1319 432 1398 4)
412 1323 572 1383 Firmatur
596 1319 727 1406 insuper
745 1321 826 1385 haec
848 1342 918 1382 mes
942 1320 1105 1383 sententia
1128 1342 1179 1395 eo,
1205 1320 1293 1403 quod
1314 1320 1499 1396 Aimoiuus,
1522 1320 1582 1405 qui
1609 1320 1744 1383 eandem
1765 1321 1848 1405 hanc
1872 1324 2020 1411 Gogonis

269 1423 478 1496 electionem,
502 1420 666 1484 historiam
690 1424 899 1553 epitomatsm
921 1421 987 1483 line
1009 1421 1111 1483 dubio
1133 1422 1274 1497 secutus,
1295 1436 1401 1482 namet
1424 1419 1463 1513 (l.
1485 1434 1518 1498 3,
1542 1422 1591 1498 4.)
1614 1424 1805 1489 lectionem:
1831 1424 2019 1500 „brachium

276 1522 452 1603 Gagonis
441 1547 475 1583 ιιι
496 1547 590 1583 mansu
612 1524 728 1585 tenens‘
731 1521 829 1586 ‘five
851 1521 952 1607 ipse
944 1545 978 1582 ιιι
1002 1522 1113 1584 codice
1135 1522 1225 1585 luo
1216 1524 1363 1596 invenit,
1395 1521 1460 1583 five
1482 1523 1728 1605 praeferendam
1760 1542 1848 1588 certe
1876 1529 2019 1611 putavit,

268 1624 390 1706 quippe
414 1622 492 1684 haec
514 1624 612 1686 verba
635 1623 811 1686 exhibens:
857 1625 928 1696 „Et
952 1621 1111 1683 brachium
1135 1628 1200 1684 eins
1224 1625 1309 1683 collo
1327 1619 1542 1706 superponens
1568 1619 1728 1706 suofign
1709 1649 1780 1684 ιιιιιιι
1804 1623 1945 1715 suturae
1964 1628 2019 1688 do·

269 1726 450 1784 minationis
474 1725 561 1784 dedit
583 1728 671 1810 eique
694 1724 799 1784 dixit:
792 1704 912 1785 ·ect.“
934 1754 978 1770 -
1021 1725 1104 1788 Item
1142 1721 1264 1784 Claude
1296 1722 1435 1780 Fauclret
1466 1723 1657 1804 Antiquitez
1690 1740 1723 1783 et
1758 1724 1912 1787 histoires
1936 1729 2021 1788 Gau·

268 1826 369 1886 loiscs
392 1841 425 1887 et
446 1825 636 1905 Frnnqoises
658 1829 680 1886 1.
703 1837 736 1900 3,
760 1823 854 1908 cbnp.
881 1838 930 1900 13,
953 1847 988 1908 p.
1014 1839 1093 1906 193:
1118 1852 1187 1898 „-
1211 1852 1251 1866 -
1275 1823 1299 1881 il
1321 1822 1394 1885 vint
1416 1819 1545 1881 do-bon
1567 1822 1667 1881 suntin
1698 1843 1739 1884 en
1770 1830 1802 1884 la
1825 1827 1948 1888 maison
1982 1827 2021 1888 de

269 1924 401 2009 Gogou,
426 1924 455 1985 ie
478 1921 549 1986 bras
574 1922 616 1986 du
639 1923 710 2012 quel
732 1943 832 2008 ayant
854 1928 911 1988 mis
933 1948 987 1999 sur
1008 1948 1065 1988 son
1088 1924 1137 1987 col
1161 1948 1198 1984 en
1220 1924 1309 2002 signe
1332 1920 1370 1982 de
1393 1920 1426 1981 la
1432 1923 1619 2003 prissance
1653 1919 1732 2005 qu'il
1756 1922 1881 1986 debuoit
1913 1929 2019 2000 avoir,

154 2090 157 2091 ⁷
268 2023 294 2086 il
318 2023 371 2108 luy
395 2024 452 2100 dit,
477 2023 567 2089 cot.“

352 2124 390 2210 5)
413 2127 483 2191 Cfr,
509 2128 566 2187 Du
587 2128 708 2190 Fresne
732 2124 865 2190 Gloffar.
889 2129 914 2192 f
937 2151 971 2189 v.
994 2127 1033 2181 br
1034 2127 1124 2195 acilo,
1146 2127 1206 2180 uili
1228 2125 1270 2180 ha
1253 2145 1330 2180 2:00
1377 2121 1549 2196 „Clffinuo
1571 2120 1629 2181 llb-
1652 2118 1678 2179 Ῑ·
1692 2119 1731 2183 de
1754 2121 1839 2184 veste
1861 2126 2019 2191 Monech-

268 2249 296 2290 o.
319 2225 350 2302 6,
376 2248 472 2310 quem
493 2226 660 2313 exscripiit
681 2226 821 2290 Isidorus
843 2221 902 2284 lib.
928 2239 1031 2301 ι9.ο.
1054 2233 1107 2296 33.
1131 2217 1173 2280 eli
1194 2219 1424 2281 redimiculum
1455 2221 1520 2282 live
1551 2220 1823 2296 succinctorium,
1855 2224 1943 2307 quod
1975 2230 2022 2286 di·

267 2326 382 2389 videns
404 2351 462 2409 per
485 2329 611 2386 cervice
575 2348 644 2382 οοιιι
667 2339 700 2382 et
722 2341 740 2380 a
761 2322 920 2382 lateribus
943 2322 1022 2380 colli
1046 2320 1185 2380 divisum
1209 2303 1409 2393 (domillum)
1432 2336 1640 2403 utrarumque
1671 2327 1791 2384 alarum
1824 2325 1924 2384 finum
1958 2347 2023 2387 em·

269 2426 329 2500 bit,
353 2441 451 2507 atque
474 2424 552 2484 hinc
575 2420 650 2481 sude
668 2419 842 2503 succingit
866 2435 903 2478 ut
926 2417 1145 2501 constringens
1167 2419 1377 2478 latitudinum
1399 2418 1513 2479 vestiat
1536 2442 1652 2501 corpus
1669 2438 1767 2502 atque
1786 2426 2018 2509 coniungendo

269 2540 454 2607 componat.
499 2525 574 2583 Hoc
596 2522 696 2603 vulgo
720 2519 848 2578 Bracile
871 2518 957 2600 quast
981 2518 1130 2578 Brnciale
1152 2532 1288 2590 vocant,
1321 2518 1466 2600 quemvis
1496 2539 1583 2577 nuno
1611 2541 1677 2577 non
1709 2520 1932 2588 brachiorum.
1968 2526 2022 2587 led
2047 2504 2053 2516 ⁹

268 2645 388 2688 renum
410 2623 449 2684 iit
470 2618 729 2707 cingulum.“-·
775 2620 857 2680 Cum
880 2619 983 2702 igitur
1004 2618 1125 2679 bracile
1147 2616 1187 2679 ad
1208 2616 1449 2679 Monachorum
1479 2615 1665 2679 vestimenta
1688 2622 1905 2702 pertinuerit,
1935 2624 2021 2685 lunud

271 2721 404 2787 difficile
432 2721 474 2786 est
494 2724 680 2806 explicatu,
703 2718 867 2805 quomodo
890 2717 1039 2802 perversa
1063 2719 1119 2779 illa
1141 2720 1241 2792 lectio
1273 2716 1418 2792 „bracile
1446 2714 1573 2797 (ingoni
1604 2717 1694 2780 ect.“
1725 2722 1759 2781 in
1791 2736 1917 2784 textum
1950 2726 2022 2786 irri-

272 2827 392 2910 puerit.
437 2823 599 2887 Monachi
621 2823 717 2895 enim,
742 2822 799 2903 qui
822 2820 951 2880 codices
974 2820 1071 2880 MSS.
1096 2819 1323 2881 transscribere
1347 2817 1510 2893 solebant,
1533 2819 1658 2881 litteras
1689 2820 1777 2884 casua
1807 2824 1942 2904 quedem
1976 2845 2023 2888 te·

272 2929 420 2989 maritate
443 2922 573 2988 iortnffo
594 2925 703 3007 eliqua
726 2943 767 2983 ex
787 2937 879 3005 parte
901 2921 1038 2997 deletas,
1062 2922 1107 2981 ita
1130 2922 1255 3004 optime
1277 2919 1401 2985 relicui
1413 2940 1483 3004 ,pro
1506 2920 1689 2984 monachali
1709 2924 1873 3010 imperitia
1891 2927 2022 2988 arbitra·
2128 2941 2140 2981 .·

273 3029 300 3090 ti
323 3027 407 3105 lunt,
431 3026 471 3089 de
493 3025 638 3111 ipsorum
668 3021 779 3091 bracili
800 3022 925 3088 scilicet
947 3024 1140 3111 cogitantes.
1164 3052 1204 3066 -

359 3315 394 3388 ι)
418 3317 489 3382 cfr.
513 3315 662 3383 Mascow
689 3313 875 3405 Gesclriclste
897 3314 953 3378 der
982 3310 1154 3402 Teutscben
1176 3330 1240 3377 eet·
1263 3316 1286 3377 l·
1316 3313 1408 3389 XVI,
1440 3335 1469 3378 ο.
1499 3319 1554 3392 40.
1575 3336 1608 3399 p·
1631 3312 1714 3392 336:
1760 3316 1870 3389 „Man
1907 3314 2021 3380 liirtnte

270 3411 387 3504 sagea,
412 3417 464 3479 die
489 3418 763 3500 Nothwendiglseit
786 3416 868 3478 baba
881 3415 930 3503 fic
951 3416 1061 3478 dictirt
1083 3416 1149 3478 und
1170 3416 1222 3478 die
1247 3416 1385 3477 Freibeit
1407 3439 1443 3475 ιιι
1468 3416 1585 3500 Popier
1602 3415 1805 3500 ,gebracbt.“
1826 3422 1888 3461 ·-’“

360 3516 395 3592 o)
421 3519 568 3601 Capitale
589 3519 785 3603 supplicium
808 3517 1007 3604 flagitante.
1031 3541 1078 3605 gr.
1102 3518 1200 3603 Legis
1223 3518 1286 3578 su.
1311 3518 1362 3578 tit.
1385 3529 1438 3593 53,
1461 3527 1494 3596 4.
1518 3520 1619 3604 Legis
1643 3519 1720 3603 Rip.
1751 3521 1802 3580 tit.
1824 3529 1878 3601 89.
1900 3548 1945 3565 -

358 3618 395 3697 3)
419 3620 490 3681 cfr.
516 3623 591 3681 Tac.
615 3622 764 3682 German.
790 3643 817 3681 c.
844 3637 901 3682 ιιι
948 3617 1040 3696 „Sed
1070 3635 1104 3682 et
1132 3619 1313 3681 levioribus
1346 3618 1474 3680 delictis
1503 3642 1562 3702 pro
1594 3620 1691 3681 modo
1714 3642 1830 3704 poena.
1864 3642 2051 3704 equorum·

272 3741 492 3804 pecorumque
515 3741 649 3782 numero
674 3723 819 3783 convicti
840 3726 1028 3782 multantur.
1050 3743 1123 3804 pars
1145 3726 1267 3782 multae
1289 3722 1358 3805 regi
1380 3725 1434 3781 vel
1456 3721 1595 3795 civitati,
1619 3744 1692 3804 pars
1715 3722 1794 3805 ipfi,
1826 3722 1882 3805 qui
1913 3722 2020 3783 vindi·

273 3837 382 3898 estur,
405 3826 458 3883 vel
480 3823 675 3905 propinquis¹
698 3822 768 3883 eius
790 3819 1008 3883 exsolvitur.“
1030 3851 1065 3863 -
1102 3821 1188 3882 lbid.
1211 3844 1239 3882 c·
1274 3837 1421 3898 21:,‚-
1442 3822 1608 3883 -luitur
1639 3825 1726 3885 enim
1757 3824 1857 3884 etiam
1886 3822 2023 3883 homici-

274 3918 364 3983 dium
386 3937 475 3984 certa
498 3939 715 3987 armentorum
739 3944 952 4006 superorum
973 3943 1125 3998 numero,
1149 3923 1331 4006 recipitque
1354 3922 1608 3986 satisfactionem
1631 3922 1779 3984 universa
1802 3921 1954 3984 domm-‘⁴
2080 3976 2083 3983 .

332 4019 397 4098 »4)
419 4022 459 4082 Iu
482 4026 553 4108 lege
574 4025 681 4086 Salios
702 4025 878 4108 praecipue
911 4021 962 4086 his
984 4024 1091 4085 titulis
1121 4021 1160 4085 de
1183 4022 1356 4086 homicidii
1374 4020 1608 4108 compolltione
1631 4026 1755 4107 agitur:
1782 4023 1851 4083 Tit.
1876 4034 1938 4101 23:
1964 4023 2019 4086 De

278 4120 468 4187 homicidiis
489 4125 714 4187 Parvulorum.
735 4151 780 4170 ··-
811 4126 879 4188 Tit.
901 4135 964 4203 33:
994 4127 1050 4187 De
1079 4123 1267 4186 homicidiis
1298 4123 1462 4188 fervorum
1486 4130 1541 4188 vel
1563 4123 1853 4208 expoliationibus·
1875 4152 1920 4167 -·
1951 4126 2019 4187 Tit.

273 4233 335 4303 44ι
360 4225 416 4284 De
445 4221 630 4289 homicidiis
660 4227 889 4312 ingenuorum.
936 4226 1005 4288 Tit.
1028 4234 1090 4303 45:
1112 4225 1168 4287 De
1190 4225 1391 4289 llomicidiis
1414 4249 1432 4286 a
1463 4225 1677 4287 contubernio
1712 4225 1819 4285 factis.
1865 4225 1933 4286 Tit.
1956 4225 2017 4303 46:

274 4326 330 4390 De
352 4321 540 4386 homicidiis
564 4327 598 4385 in
621 4317 909 4390 convivio'factis.
955 4328 1023 4389 Tit.
1048 4338 1110 4403 57:
1133 4327 1188 4387 De
1211 4327 1376 4388 Gravione
1398 4326 1523 4395 ,occisa
1569 4326 1636 4385 Tit.
1663 4324 1800 4388 66:120
1822 4323 1954 4387 homine
1985 4327 2019 4386 in

274 4425 364 4489 holla
387 4421 505 4497 occiso,
528 4438 562 4484 et
584 4426 752 4486 nonnullis
773 4427 849 4487 aliia
871 4427 989 4500 titulis,
1013 4427 1204 4510 quibuscum
1226 4426 1328 4509 Legis
1350 4426 1582 4509 llipuariorum
1612 4424 1821 4512 comparandi
1849 4425 1922 4487 sunt
1951 4426 2019 4486 Tit.

275 4540 358 4604 7-
383 4536 433 4606 13
458 4539 492 4588 st
514 4524 582 4588 Τὶι.
605 4522 659 4605 36.
681 4533 733 4604 53
756 4523 809 4604 ⁶³·
832 4523 886 4606 64.
909 4553 953 4572 -

1527 4649 1556 4721 Ρ
