4590 5364
946 332 1021 360 ···
1065 320 1196 376 ,ΤΗΙ
1279 332 1353 355 ··“··

277 512 462 576 uisttatioa
473 511 525 574 de
536 508 567 572 ia
578 504 702 630 justice
725 522 758 570 st
788 505 846 569 'des
868 502 991 572 murder
1023 504 1065 569 de
1084 509 1175 568 laur
1191 523 1348 588 royauma
1378 527 1423 567 nn
1456 505 1618 593 magistrat
1649 502 1703 577 din
1732 528 1790 594 par
1818 528 1915 585 eux,
1932 510 2028 594 qu'ils

283 617 488 677 nommoient
510 629 585 676 tour
606 607 626 672 'a
647 626 724 673 tour
743 610 905 671 nurricier
926 609 970 671 du
991 609 1060 671 roia
1088 624 1122 670 at
1141 608 1343 696 asajordome
1364 628 1409 670 ou
1422 611 1530 671 aurire
1550 609 1595 671 du
1615 611 1732 693 pelais.
1776 614 1828 677 Le
1843 612 1971 676 dernier
1990 614 2029 674 de
2059 669 2062 678 .

251 763 258 780 .
285 739 336 778 rea
360 737 453 778 noma
476 715 610 802 (Mnjor
631 710 759 785 demde)
782 734 804 772 ιι
807 713 908 774 ’uvoit
929 711 1175 796 probablement
1195 724 1302 783 aucun
1323 727 1457 796 rapport
1477 733 1557 774 arec
1571 717 1619 773 lea
1634 696 1813 789 senoricus,
1829 714 2038 797 quietoient'

157 867 160 871 .
281 815 460 882 attribue'es
483 838 524 878 au
540 811 683 895 «grand-
655 835 747 900 mage
769 813 822 874 dea
846 814 988 883 Fraecsa
1009 815 1089 875 maia
1110 813 1221 897 plutot
1241 811 1301 875 son
1322 835 1402 874 nom
1423 813 1583 876 allemand
1611 833 1688 875 aura
1717 813 1881 877 reffembli
1900 837 1968 898 par
1999 819 2029 874 le

283 920 340 980 son
362 941 404 979 au
427 941 503 979 nom
525 918 606 978 latin
628 915 707 976 d'un
730 912 919 976 officier‘du
939 915 1042 999 paleis
1063 913 1119 975 dea
1141 932 1327 998 emperenta
1358 930 1393 978 et
1420 916 1488 977 I'nn
1517 930 1593 976 anta
1623 913 1676 977 ets
1703 913 1874 977 considere
1907 938 2028 976 comme

280 1025 310 1080 la
334 1019 518 1081 traduction
542 1018 581 1080 de
603 1019 728 1079 l'autre.
775 1017 836 1080 Cet
858 1015 951 1079 office
975 1014 1014 1076 d'e
1033 1015 1143 1096 grand
1160 1017 1241 1104 juge
1269 1000 1361 1078 ritoit‘
1384 1014 1521 1080 dias-lora
1548 1039 1632 1100 pour
1660 1021 1708 1079 las
1736 1019 1856 1077 Franca
1883 1010 1949 1076 nne
1981 1016 2029 1074 in·

280 1121 428 1183 stitution
452 1122 623 1182 ancienne.
668 1117 873 1204 Fre'ddgaira‚
898 1134 1012 1180 auteur
1032 1139 1172 1201 presque
1194 1120 1453 1202 contemporale,
1477 1133 1611 1181 raconte
1640 1117 1806 1181 l'e'lcction
1830 1115 1907 1179 d’un
1930 1117 2028 1175 nraire.

278 1223 423 1306 pendant
444 1227 474 1282 la
498 1218 653 1283 ιιιίιιοιιὶιό
676 1219 716 1280 de
738 1219 905 1305 sigeberta
929 1221 1008 1280 mnis
1032 1238 1155 1282 comme
1177 1220 1328 1304 Sigebert
1348 1242 1389 1282 ne
1413 1222 1465 1281 fut
1486 1221 1598 1304 jamnis
1621 1219 1766 1292 mineur,
1797 1239 1881 1281 nous
1903 1222 1933 1279 la
1958 1239 2028 1299 rup-

275 1339 412 1408 portons
435 1321 453 1384 ir
476 1328 506 1383 la
529 1321 683 1384 minoritd
704 1320 744 1383 de
765 1321 960 1385 Childebert
982 1322 1027 1382 11.
1048 1318 1117 1364 -“
1162 1321 1292 1405 Quibus
1323 1320 1526 1385 Sismondins
1548 1321 1737 1382 subnotavit
1756 1318 1854 1383 haec:
1886 1317 2028 1395 „Mord-

279 1424 525 1508 domsrgnifioit
547 1420 655 1486 moti
678 1440 745 1486 mot
763 1425 845 1511 juge
867 1422 908 1481 du
932 1440 1068 1482 meurtre
1090 1445 1133 1484 ou
1152 1424 1232 1509 juge
1254 1424 1275 1482 ὰ
1298 1441 1380 1484 mort
1403 1441 1433 1484 et
1456 1427 1477 1483 ὰ
1500 1423 1636 1484 l'oreille
1658 1421 1713 1483 des
1739 1422 1890 1485 Romoina
1915 1420 2028 1489 Mord-

277 1525 351 1586 dom
373 1523 564 1614 reffembleit
588 1524 747 1606 beaucoup
772 1528 792 1583 d
815 1526 919 1609 major
945 1524 1066 1584 demde.
1087 1523 1156 1568 -“

264 1667 269 1674 ·
364 1643 598 1727 .)Prnecipue
620 1641 685 1703 huc
706 1641 894 1702 referendus
917 1639 960 1702 cst
987 1640 1115 1702 Claude
1141 1641 1289 1716 Faucher,
1314 1644 1407 1705 cuius
1430 1641 1633 1704 sententia'
1624 1642 1686 1707 ris,
1675 1660 1792 1723 ‚quas
1824 1637 2028 1702 Sismondius

278 1743 460 1830 proposuit,
484 1743 642 1804 fimillima
666 1741 731 1804 ess'e
754 1741 894 1803 videtur.
951 1744 1052 1804 Dixit
1082 1744 1168 1804 enirn
1198 1744 1369 1828 (Origines
1400 1742 1455 1804 des
1478 1743 1624 1829 dignates
1640 1757 1680 1804 et
1711 1739 1896 1826 Magistrats
1919 1755 1980 1800 ect.
2005 1744 2028 1798 1.

278 1864 309 1918 ι,
334 1845 385 1906 ch.
412 1843 479 1918 ιο.)
502 1871 546 1887 -·
569 1872 614 1887 -
656 1843 793 1917 „Car
767 1864 795 1904 ar
816 1864 899 1904 vous
923 1864 1040 1926 croyea
1062 1843 1144 1906 ledit
1167 1843 1316 1920 authent,
1341 1844 1568 1930 (fredegario)
1590 1848 1636 1905 les
1667 1843 1842 1928 Seigaenra
1871 1841 2028 1919 Francois

243 2014 246 2020 ‚
278 1942 442 2007 essisoient
463 1948 495 2007 le
524 1944 632 2007 Msire
663 1943 707 2004 dn
736 1944 843 2005 Palaia
875 1945 1002 2027 Royal‚
1035 1968 1119 2029 pour
1141 1945 1219 2008 estre
1241 1967 1364 2008 comme
1387 1944 1554 2028 superieur
1576 1944 1616 2006 de
1638 1959 1714 2006 tous
1737 1957 1847 2004 annea
1869 1938 2027 2002 efficiere:

277 2062 309 2107 et
331 2044 478 2131 poffible,
502 2044 723 2131 representem
744 2049 775 2107 le
797 2045 984 2108 Praefectus
1006 2047 1195 2122 Praetorio,
1227 2046 1308 2130 judis
1339 2045 1468 2128 envoyd
1496 2068 1536 2107 en
1568 2047 1691 2121 Gauio,
1720 2065 1807 2128 pour
1826 2045 2031 2105 Lieutenaat

276 2146 332 2209 dea
364 2149 558 2231 Empereurs
579 2149 757 2219 Romaim,
781 2167 821 2208 en
843 2167 959 2232 guerre
983 2161 1015 2207 et
1045 2146 1265 2209 admistration
1288 2147 1328 2209 da
1357 2152 1388 2208 Ιι
1419 2145 1550 2230 justice:
1574 2146 1653 2207 ninii
1686 2166 1749 2230 que
1779 2144 1859 2207 ledit
1891 2142 2028 2205 autheur

275 2246 412 2324 mondre
432 2268 491 2332 par
511 2247 682 2331 l’exemple
706 2245 747 2307 de
777 2247 913 2331 Gogon,
938 2251 1094 2329 ‘pourvue
1126 2247 1166 2309 de
1195 2263 1247 2309 cet
1278 2246 1354 2310 estat
1383 2246 1428 2308 du
1457 2246 1701 2339 consentement
1730 2246 1788 2310 des
1820 2244 1965 2319 Nabla,
1997 2260 2029 2303 et

274 2349 404 2411 suivant
433 2352 463 2408 la
487 2348 655 2431 quittance
678 2366 741 2441 que
762 2347 811 2404 lui
833 2366 873 2406 en
897 2347 934 2405 fit
957 2345 1142 2406 (ὶΙιιοιῙῐιι.**
1187 2347 1319 2410 Deinde
1345 2345 1534 2432 Franciseus
1568 2334 1787 2409 Hotomanus
1818 2347 2030 2433 (Francogah

140 2498 143 2502 .
273 2449 319 2509 lia
329 2445 551 2511 francofurti
576 2444 659 2520 1665
681 2465 751 2528 cap.
768 2442 865 2516 XV.)
888 2443 928 2505 de
950 2446 1136 2506 Maioribus
1159 2444 1291 2506 domus
1337 2449 1495 2519 „,Eorum
1520 2447 1642 2529 inquit,
1664 2448 1764 2509 video
1795 2447 1932 2509 eandem
1953 2469 2029 2530 pro·

274 2569 315 2633 pe
339 2546 424 2631 apud
450 2548 557 2627 Reges
580 2543 702 2607 nostros
725 2543 917 2630 dignitatem
942 2542 1053 2618 fuiffe,
1078 2545 1185 2628 qualis
1208 2545 1371 2627 quondam
1401 2546 1489 2628 apud
1519 2547 1729 2630 imperatores
1763 2547 1930 2608 Romanos
1961 2563 2028 2608 erat

273 2648 516 2710 Praefectorum
546 2644 752 2708 Praetorio.“
797 2645 867 2708 cfr.
900 2666 971 2705 cum
1002 2644 1054 2707 his
1088 2664 1170 2731 quae
1205 2645 1365 2708 Antonius
1391 2647 1585 2709 Machareiii
1614 2664 1726 2712 contra
1750 2646 1836 2709 hanc
1863 2669 2028 2732 compara·

273 2748 400 2812 tionem
423 2750 551 2810 monuit
579 2749 613 2808 in
643 2748 728 2809 libro
760 2745 826 2821 „ad
856 2748 969 2808 Frauc.
992 2741 1204 2832 Hotomsnni
1233 2748 1500 2832 Francogalliam.
1559 2750 1770 2812 Francoiurti
1804 2747 1925 2827 1665.“
1954 2770 2024 2832 cap.

163 2892 172 2905 .
274 2850 320 2912 XI
342 2873 375 2935 p.
401 2864 473 2911 aar.
496 2877 540 2894 ·-
583 2850 654 2918 Hos
677 2847 778 2909 secuti
800 2847 874 2908 sunt
896 2869 937 2907 ex
957 2833 1195 2910 recentioribus
1217 2844 1449 2931 permulti-
1546 2846 1564 2877 ‘¹
1619 2882 1625 2893 ·

359 2965 396 3045 3)
419 2968 660 3029 Praefectorum
689 2965 856 3050 praetorio
887 2965 926 3026 ab
957 2963 1100 3050 Augusto
1130 2961 1350 3028 institutorum
1380 2964 1486 3030 officia
1516 2968 1555 3030 ab
1586 2970 1686 3033 initio
1718 2970 1760 3033 ad
1789 2993 1839 3034 res
1869 2971 2024 3036 militares

273 3084 398 3132 tantum
421 3067 627 3152 spectabant3
652 3065 769 3129 deinde
791 3067 844 3130 M.
875 3067 1010 3129 Aurelio
1042 3067 1220 3151 imperante
1250 3069 1348 3129 etiam
1377 3068 1418 3128 ad
1448 3069 1568 3131 iudicia
1601 3072 1814 3140 moderanda;
1843 3072 2023 3151 Commodo

273 3193 350 3232 vcro
373 3183 528 3256 regnante
552 3169 620 3231 fere
643 3171 744 3231 totius
767 3168 899 3252 imperii
920 3165 1151 3230 administratio
1173 3166 1213 3230 ad
1236 3166 1322 3231 solos
1343 3171 1528 3254 praefectos
1559 3173 1723 3256 praetorio
1755 3189 1824 3235 erat
1853 3161 2024 3259 delegata3

273 3266 502 3335 Constantinus
525 3285 648 3335 contra,
672 3291 805 3356 magnus
827 3270 894 3343 illc,
919 3269 964 3331 ita
987 3264 1178 3331 constrinxit
1200 3291 1312 3331 eorum
1335 3267 1543 3354 potestatem,
1567 3287 1604 3333 ut
1632 3271 1733 3343 [olam
1764 3273 2024 3336 iurisdictionem

272 3372 314 3434 iis
336 3372 563 3433 committeret.
610 3370 677 3432 cfr.
706 3368 808 3432 Reiz’s
837 3367 1054 3457 Vorlesungen
1076 3367 1153 3452 fider
1174 3369 1226 3433 die
1247 3366 1425 3458 romischen
1451 3372 1674 3436 Altertirfimer
1692 3397 1727 3460 p.
1749 3383 1826 3457 449.

356 3486 393 3562 4)
417 3488 487 3551 cfr.
511 3486 652 3550 Schilter
670 3485 809 3552 Gloffar.
831 3488 997 3573 Antiquit.
1020 3490 1231 3574 germanicae
1245 3487 1343 3551 Τοιιι.
1367 3489 1427 3554 111.
1450 3478 2025 3570 L,v.tt10rd,Morc,>M01dram.-

273 3589 407 3654 Gloffar.
438 3589 589 3650 German.
622 3591 796 3652 continens
817 3588 961 3675 origines
988 3590 1192 3675 Antiquitat.
1221 3592 1325 3673 totius
1367 3593 1501 3678 linguae
1546 3592 1696 3658 German.
1737 3611 1799 3658 ect·
1834 3618 1915 3681 opus
1946 3595 2021 3659 Ioh.

273 3691 393 3777 Georg.
415 3688 599 3752 Wacbteri.
621 3690 764 3775 Leipag.
790 3703 869 3767 r737
891 3689 917 3752 s.
941 3714 973 3754 v.
1000 3690 1111 3754 Mord.
1132 3721 1177 3736 -
1218 3693 1278 3754 Du
1299 3694 1421 3757 Freane
1445 3693 1640 3759 Gloffarium
1662 3695 1689 3761 s.
1710 3718 1744 3761 v.
1771 3696 1894 3759 Mortis.

354 3822 394 3899 5)
415 3824 485 3887 cfr.
509 3823 654 3885 Schilter
674 3822 809 3886 Gloss'ar.
832 3824 854 3885 l.
877 3827 899 3885 l.
922 3821 945 3885 s.
967 3846 1000 3886 r.
1026 3825 1143 3902 Doara,
1172 3825 1280 3902 Toum,
1307 3828 1423 3903 Duossa,
1453 3830 1548 3906 Dom,
1573 3829 1658 3892 Dum
1677 3848 1741 3896 eet.
1760 3861 1808 3879 ·-
1850 3830 2021 3893 Wachteri

148 3991 154 4007 ⁸
271 3920 409 3985 Gioffar.
432 3925 455 3986 i.
477 3947 511 3987 r.
540 3925 705 3998 Dotamen,
729 3922 896 3996 indicaret
918 3940 952 3988 et
973 3923 999 3987 s.
1019 3946 1055 3988 v.
1081 3926 1302 4004 Dum-kircha,
1323 3930 1383 3993 nbi
1405 3930 1506 3993 haee:
1528 3952 1576 4007 „a
1598 3932 1683 4010 dean,
1713 3933 1802 4017 quod
1817 3935 1853 3994 in
1870 3932 2021 3996 omnibus

269 4038 417 4086 veterum
445 4023 594 4090 dialectis
625 4041 659 4089 et
679 4027 719 4087 in
741 4026 857 4090 iisdem
871 4024 987 4111 ‘Lipfii
1009 4027 1127 4092 Gloffis
1156 4030 1306 4095 iudicium
1338 4047 1373 4094 et
1402 4031 1651 4097 iurisdictionem
1681 4032 1881 4119 fignificat.“
1924 4033 2021 4097 Unde

268 4122 336 4187 iius
358 4123 460 4188 dubio
482 4129 598 4214 Angli·
619 4125 887 4204 ‚,dooma·man.“
907 4127 1060 4206 indicens,
1081 4129 1238 4193 arbitr-nm
1259 4131 1364 4196 sonat·
1383 4162 1432 4183 σ-

353 4240 455 4318 o)1n
478 4242 565 4332 Lege
587 4244 752 4308 Saxonum
774 4245 818 4321 11,
840 4245 884 4309 6:
907 4267 949 4309 ne
971 4246 1051 4333 qnid
1072 4246 1202 4315 mantio
1228 4249 1452 4336 prmedviffe
1470 4251 1596 4328 videar,
1618 4251 1757 4315 verbnm
1791 4251 1944 4316 Mardum
1974 4259 2021 4317 le·

268 4344 395 4434 gimna.
441 4343 502 4420 „si
523 4343 671 4406 mordnm
692 4360 800 4406 totum
821 4347 897 4430 quia
918 4349 1046 4424 ferent,
1070 4349 1159 4412 ect.“
1169 4350 1270 4437 quod
1292 4367 1400 4416 tamen
1422 4352 1508 4415 idem
1531 4342 1706 4439 fignificat,
1724 4376 1762 4416 ao
1782 4354 1893 4418 Mord.
1925 4356 2019 4417 Prae·

267 4459 357 4510 terea
380 4445 438 4507 alii
460 4443 592 4507 codice·
611 4444 816 4528 praebent„
822 4445 1003 4509 morarum
1006 4448 1031 4481 ‘⁸
1072 4449 1144 4516 cfr.
1166 4450 1208 4525 ad
1227 4450 1318 4516 hana
1337 4458 1448 4518 locum
1476 4453 1587 4519 cml
1621 4453 1709 4523 6η,
1735 4452 1905 4579 Qum·
1934 4455 2016 4520 Nm

268 4543 1041 4637 Gracianileg.M·Tom.·'Iilp.43.'-⁸
1153 4643 1167 4664 .
1770 4592 1776 4605 .
1929 4579 1985 4604 ...,
