4590 5364
1043 239 1575 315 *ar-1.

352 429 500 507 mentio
516 419 563 519 3.)
618 424 729 524 Quod
754 422 782 498 st
806 436 943 498 terum
969 420 1040 512 est,
1066 441 1229 498 veteres
1239 430 1473 500 Francorum
1496 428 1613 503 duces
1642 454 1731 503 cum
1757 397 1956 504 Saxonum
1984 433 2108 504 Satra'·

352 553 432 648 pis,
461 571 559 645 quos
584 547 683 617 Beda
709 561 841 628 vocat,
868 545 1007 615 haud
996 563 1139 638 mepte
1153 570 1370 640 comparare
1396 546 1521 643 iisque
1534 546 1709 625 eandem
1734 551 1799 623 vel
1823 546 1985 621 similem
2017 567 2107 646 pot·

253 665 257 672 ’
353 665 504 741 estatem
539 663 742 762 attribuere
776 663 890 733 liceat
900 653 950 752 ⁴).
1004 661 1376 736 Luculentilsimum·
1399 690 1491 737 vero
1520 667 1565 737 de
1592 667 1809 761 primorum
1822 655 2108 766 ‘regum‘Fran-

240 873 243 879 ἱ
353 811 486 860 corum
513 781 739 855 conditione
767 798 879 876 atque
905 778 1084 888 potestate
1120 778 1382 854 testimonium
1407 785 1583 878 praebere
1609 787 1763 858 videtur
1786 785 1997 858 Alexandri
2023 787 2110 858 Sul·
2212 865 2215 868 ⁴

290 947 299 964 ·
351 905 443 1002 pitii
475 897 740 975 inconstantia.
803 899 879 970 Hic
914 898 1020 969 enim
1054 918 1199 972 veteres
1227 905 1462 991 Francorum
1489 903 1603 975 duces
1629 902 1705 978 five
1733 905 1827 975 certi
1854 904 2113 998 etexplorati'

352 1023 561 1120 quidquam
586 1019 780 1102 nescienS,
815 1016 890 1089 slve
915 1043 964 1088 ne
991 1017 1084 1112 quid
1110 1017 1192 1090 falsi
1218 1036 1359 1108 temere
1384 1018 1575 1115 proferat,
1615 1039 1808 1122 metuens,
1846 1047 1958 1094 nunc
1980 1024 2135 1109 duces,

349 1148 457 1217 nunc
493 1138 659 1237 regales,
701 1160 807 1228 nunc
844 1134 1088 1233 subregulos,
1120 1162 1226 1210 nunc
1250 1133 1570 1237 'denique-reges
1606 1141 1711 1235 ipsos
1734 1140 1992 1212 nominarit'
2023 1145 2107 1237 Qua
2149 1197 2150 1200 ,

346 1283 400 1333 ex
444 1253 697 1331 inconstantia
745 1252 895 1326 coniici·
931 1271 1029 1325 certe
1062 1252 1202 1350 potest,
1230 1280 1385 1353 ‘regum
1420 1261 1658 1331 Francorum
1689 1248 1910 1353 potestatam
1945 1252 2004 1328 ab'
2029 1237 2106 1329 ini·

322 1373 475 1462 „tio,s1
506 1401 593 1447 non·
625 1374 891 1470 perexiguam,
926 1373 1112 1444 incertam
1156 1391 1286 1444 tamen-
1323 1399 1394 1446 nec
1428 1376 1577 1472 legibus
1617 1375 1848 1470 quibusdam
1879 1372 1990 1448 suilla
2022 1399 2107 1447 mu'·

351 1496 489 1569 uitam.
550 1497 717 1564 Renatus
752 1491 966 1588 Frigeridus
987 1483 1120 1563 contra
1153 1509 1191 1563 et
1225 1490 1390 1578 Orosius,
1419 1516 1650 1588 quamquam
1675 1511 1849 1564 veterum
1873 1499 2107 1567 Francorum

304 1675 307 1679 .
352 1609 448 1713 gesta
481 1627 753 1695 narrav,erunt
781 1591 846 1679 de
864 1634 998 1705 eorum
1034 1610 1189 1707 regibus
1225 1627 1356 1682 tamen
1392 1630 1442 1680 ne
1468 1612 1712 1682 mentionem
1738 1612 1895 1706 quidem
1919 1613 2104 1700 fecerunt,
2209 1696 2213 1700 ,

351 1730 559 1828 qttod1am
584 1722 852 1824 Gregoriuin,
857 1702 1053 1810 ,movisle“
1080 1728 1234 1802 videtur
1248 1723 1295 1815 3)
1358 1733 1462 1799 Haec
1489 1726 1608 1824 igitur
1635 1729 1681 1800 de
1708 1725 1972 1822 antiquiffimis
2006 1730 2105 1830 regi·

352 1851 424 1922 bus
451 1854 686 1918 Francorum
710 1833 826 1914 nobis
853 1842 984 1910 relicta
1011 1843 1099 1911 sunt
1124 1840 1358 1927 testimonia,
1396 1867 1491 1936 quae
1518 1861 1648 1913 tamen
1673 1843 1744 1922 vix
1769 1847 1892 1939 pluris
1919 1845 2107 1921 aestimata

352 1966 555 2048 voluerim,
584 1947 701 2058 quam
721 1957 936 2044 Claudiani,
964 1960 1148 2030 Eumenii
1174 1961 1414 2054 aliorumque
1439 1961 1517 2046 illa,
1545 1983 1641 2054 quae
1665 1961 1744 2032 iam
1769 1982 1969 2059 propterea
1994 1969 2107 2062 plane

270 2124 273 2131 >
351 2083 565 2157 omittenda
592 2080 744 2175 putavi,
783 2078 887 2172 quod
913 2086 1114 2170 poetarum
1140 2097 1177 2150 et
1203 2073 1530 2176 panegyristarum
1556 2077 1657 2150 sunt.
1725 2079 1826 2176 Quid
1861 2107 1954 2158 vero
1980 2086 2135 2176 dicam,

352 2203 398 2274 de
425 2200 665 2287 chlodoveo,
694 2197 762 2293 qui
789 2195 923 2290 multis
948 2197 1028 2265 iam
1055 2194 1227 2293 gloriosas
1255 2195 1431 2268 victoriis
1457 2193 1527 2266 fibi
1553 2195 1704 2291 suisque
1731 2203 1984 2295 comparatis,
2018 2205 2104 2275 nub

350 2323 430 2394 lam
455 2338 596 2403 tamen,
625 2312 697 2386 nist
723 2313 830 2386 ducis
851 2319 1096 2399 Francorum,
1123 2311 1200 2404 fibi,
1221 2309 1432 2385 concessam
1459 2311 1529 2384 elle
1554 2312 1787 2408 potestatem,
1816 2319 1896 2413 ipse
1920 2320 2103 2414 quodam·

348 2419 482 2513 modo
497 2434 611 2509 fateri
639 2450 789 2518 coactus
816 2429 894 2503 est‘l
945 2439 1046 2501 Nam
1070 2454 1195 2524 neque
1222 2455 1270 2500 ex
1293 2431 1443 2524 praeda,
1471 2449 1619 2526 praeter
1646 2433 1790 2507 fortem
1813 2434 1883 2536 fibi
1909 2437 1955 2509 ab
1974 2438 2102 2510 omni·
2148 2530 2153 2538 ¹

233 2609 240 2618 ,
342 2559 423 2632 ω
451 2551 680 2637 mucellam,
714 2547 793 2621 fine
829 2549 1031 2635 comitatus
1059 2547 1256 2632 consensu,
1285 2546 1496 2642 quidquam
1521 2551 1644 2620 veluti
1671 2552 1786 2625 suum
1808 2547 2102 2648 confiderarc⁶),

349 2700 500 2771 neque,
524 2669 597 2741 nisi
625 2667 826 2752 omnibus,
864 2667 963 2771 qui
967 2691 1055 2737 eum
1081 2666 1198 2742 secuti
1222 2682 1355 2751 erant,
1393 2665 1724 2741 consentientibus
1753 2669 1887 2743 Christi
1913 2675 2103 2751 cultores

352 2793 463 2865 ausus
490 2787 539 2861 est
563 2789 601 2860 se
626 2780 870 2887 profiteri7).
916 2791 1019 2859 Haec
1045 2804 1082 2857 et
1107 2782 1243 2857 srmilia
1270 2783 1359 2860 satis
1386 2779 1587 2872 testantur,
1627 2804 1863 2883 quantopere
1896 2814 1964 2860 rex
1989 2797 2102 2867 Fran
2156 2797 2168 2807 '
2243 2782 2248 2791 “

354 2936 487 2985 corum
521 2904 609 3002 ipsis
648 2902 859 2977 chlodovei
893 2904 1015 2978 adhuc
1048 2898 1287 3003 temporibus
1323 2904 1531 2978 comitatus
1556 2904 1714 2976 arbitrio
1741 2904 1860 2978 fuerit
1895 2906 2101 2982 obnoxius

258 3024 261 3028 ’
354 3036 451 3101 Cum
487 3020 578 3098 vero
613 3023 706 3096 haec
739 3040 867 3120 regem
895 3025 1000 3097 inter
1039 3032 1078 3096 et
1102 3031 1265 3097 Francos
1292 3020 1523 3096 necessitudo
1551 3047 1598 3093 ex
1624 3024 1828 3098 comitatus
1854 3042 1994 3098 natura
2020 3044 2102 3099 orta
2164 3009 2166 3012 ⁴

347 3145 450 3234 -ellet,
472 3145 559 3234 fieri
584 3167 666 3214 non
692 3144 834 3238 potuit,
862 3142 969 3240 quin,
997 3141 1106 3216 sicuti
1126 3145 1342 3228 comitatus,
1368 3143 1422 3212 ita
1448 3141 1549 3242 regis
1572 3154 1724 3236 quoque
1743 3141 1876 3215 sensim
1894 3143 2102 3241 sensimque

337 3280 657 3341 'commutaretur
682 3253 869 3335 conditio.
923 3267 982 3335 Ex
1009 3288 1086 3359 quo
1113 3261 1220 3333 enim
1246 3258 1382 3333 Franci
1407 3258 1450 3330 in
1485 3258 1640 3353 imperii
1666 3262 1833 3332 Romani
1866 3260 1961 3350 fin'es
1996 3264 2103 3339 inve

347 3385 490 3469 serant,-
515 3386 777 3455 Romanorum
807 3404 935 3452 mores
959 3399 997 3452 et
1023 3406 1044 3451 a
1070 3397 1243 3453 veterum
1270 3385 1549 3450 Germanorum
1577 3375 1821 3472 simplicitate
1841 3397 1922 3453 tam
1949 3379 2101 3457 dissimi-

352 3504 402 3574 lis
423 3500 587 3575 vivendi
612 3500 709 3581 ratio
737 3523 757 3570 a
784 3499 964 3586 Francis,
992 3522 1224 3595 quamquam
1249 3494 1336 3590 ipsis
1364 3494 1651 3590 quodammodo
1680 3494 1836 3585 insitis,
1864 3501 2099 3597 recipieban-

351 3639 414 3691 tur
441 3639 567 3691 tamen
593 3616 745 3713 suisque
770 3614 971 3690 necessario
998 3614 1330 3696 immiscebantur;
1359 3629 1397 3682 et
1422 3612 1476 3682 ita
1502 3614 1669 3709 regalem
1694 3639 1847 3712 quoque
1878 3615 2099 3736 potestatem
2202 3706 2207 3717 Ι

343 3763 440 3811 eum
466 3737 719 3841 imperatoria
735 3739 999 3807 Romanorum
1026 3729 1236 3804 confudisse
1262 3728 1454 3803 videntur.
1517 3736 1621 3825 Nam
1650 3757 1740 3805 cum
1765 3734 1902 3806 Franci
1936 3729 2101 3809 victores

342 3859 618 3930 Romanorum
650 3853 870 3950 provincias
905 3849 975 3924 libi
1002 3846 1262 3936 subiecillent,
1302 3867 1340 3922 et
1366 3873 1388 3920 a
1413 3847 1614 3936 subiectis,
1652 3852 1720 3946 qui
1745 3851 1949 3925 aliorum
1938 3855 2100 3948 imperio

246 4019 250 4027 ·
347 3975 650 4072 obtemperare
640 3997 718 4043 ram
744 3971 889 4043 dudum
914 3967 1211 4055 consueverant,
1238 3985 1422 4064 tanquam
1448 3964 1603 4039 domiui
1628 3966 1963 4055 confiderarentur,
1991 3990 2099 4068 pote
2154 4028 2165 4041 ,

341 4109 410 4164 rat
435 4118 517 4166 non
547 4092 655 4164 aliter
689 4087 790 4173 lieri,
839 4086 936 4183 quin
970 4088 1137 4160 Romani
1164 4112 1272 4174 eum,
1306 4107 1424 4182 'quern
1449 4083 1587 4155 Franci
1625 4086 1759 4158 ducem
1786 4087 1904 4160 secuti
1930 4108 2037 4164 erant
2061 4107 2100 4164 et

337 4213 418 4307 ·qui
444 4211 647 4285 comitatus
673 4204 876 4280 ridebatur
902 4201 971 4277 esse
997 4199 1230 4300 praefectus,
1265 4228 1349 4276 non
1376 4191 1495 4273 modo
1520 4200 1717 4296 ipsorum,
1754 4203 1817 4278 sed
1839 4208 1958 4281 etiam
1983 4213 2097 4280 Ren-

350 4340 493 4402 corum
510 4326 736 4423 principem,
763 4349 903 4425 regem,
929 4325 1051 4396 immo
1078 4324 1346 4419 imperatorem
1371 4338 1654 4396 venerarentur.
1695 4323 1808 4420 Quod
1826 4324 2097 4399 tametst‘Fran·

347 4470 495 4525 cortun
513 4442 701 4547 libertatis
740 4442 863 4517 amori
888 4443 1132 4521 uehementer
1166 4439 1389 4543 repugnasse
1423 4434 1602 4514 videatur
1611 4438 1633 4529 ,’
1669 4441 1932 4519 nibilominus
1967 4458 2096 4517 tamen
2158 4534 2168 4548 1
