4590 5364
1008 339 1317 410 '‘8²''

306 531 409 629 teget
434 523 695 625 praescribere⁴
712 522 983 613 consueram·
1036 528 1135 609 cum
1164 547 1259 599 raro
1284 521 1491 611 cltilderici
1523 521 1768 602 imbecillitas
1789 551 1937 606 novam
1960 530 2056 607 civi·

306 647 377 718 tati
403 645 625 720 hartritatem
647 668 779 742 parare
803 668 886 718 non
912 639 1043 739 poliat,
1069 668 1186 718 nemo
1213 643 1429 732 mirabitur,
1456 643 1539 747 ipso
1567 630 1810 731 erardeliffime
1835 669 1970 725 necato
1991 649 2056 743 3¹),
2112 657 2126 671 ⁸

216 808 221 817 ·
302 763 635 860 perturbationem
660 762 788 836 denuo
815 763 931 859 idque
955 761 1219 836 vehementius
1247 759 1468 859 prorupill'e.
1509 762 1756 861 Wulfoaldus
1775 765 1882 838 enim
1907 769 1950 840 in
1976 770 2054 842 Au·
2139 784 2141 789 '

264 944 269 948 .
304 876 465 956 straliam
491 881 693 980 confugit,
726 879 928 955 Leudelius
955 879 1085 952 Maior
1111 878 1247 952 domus
1275 880 1432 980 eligitur
1444 873 1519 971 3²),
1543 883 1614 979 qui
1641 894 1799 979 uterque
1826 911 1904 981 quo
1932 889 2053 985 magis
2082 933 2086 938 a

303 999 471 1100 Ebroini
492 999 622 1073 exsilio
649 995 982 1084 deterriti-client,
1010 1021 1056 1069 eo
1082 998 1213 1070 minus
1240 995 1289 1070 ad
1314 999 1490 1072 ordinem
1515 1016 1554 1072 et
1580 999 1823 1096 disciplinam
1847 998 2053 1076 restauran-

304 1117 393 1190 dam
426 1117 617 1209 valebant.
679 1117 900 1217 Augebatur
920 1115 1078 1211 insuper
1102 1117 1341 1211 perturbatio
1368 1141 1414 1193 eo
1440 1117 1662 1213 praecipue,
1698 1117 1803 1215 quod
1837 1121 2052 1198 Childerico

302 1232 484 1309 dehtncto
524 1236 558 1309 is
595 1236 711 1332 plane
745 1233 1040 1320 deiiderabatur,
1078 1234 1148 1329 qui
1182 1259 1347 1334 regnum
1372 1219 1578 1332 susciperet
1593 1225 1657 1327 ¹³).
1709 1241 1809 1309 Nam
1835 1235 1944 1311 licuti
1968 1265 2052 1336 per·

300 1352 416 1425 madri
442 1350 661 1426 dillolutam
687 1353 786 1428 hanc
820 1354 987 1429 civitatis
1027 1353 1293 1428 conditionem
1306 1354 1406 1433 taes
1431 1369 1694 1455 opportunam
1718 1330 1908 1451 putabant
1932 1359 1980 1430 ad
2004 1359 2052 1431 li·

300 1472 507 1557 bertatem,
551 1496 666 1569 quam
709 1473 934 1562 amiserant,
969 1471 1265 1573 recuperandam
1277 1463 1353 1565 ¹⁴),
1396 1474 1450 1547 ita
1484 1463 1658 1547 Ehroino
1702 1475 1904 1572 praecipue
1949 1476 2052 1548 nihil
2202 1538 2206 1547 .

195 1651 199 1659 .
300 1589 559 1685 opportunius
593 1588 763 1683 accidere
798 1592 948 1688 potuit,
985 1613 1100 1688 quam
1117 1594 1240 1664 [tanta
1276 1590 1406 1664 rerum
1418 1622 1423 1631 ’
1437 1589 1694 1685 perturbatio,
1731 1590 1799 1686 qui
1821 1616 1845 1665 e
1869 1596 2052 1667 Luxovio

299 1702 532 1781 Monasterio
557 1725 707 1803 praeter
734 1709 914 1781 omnium
933 1709 1040 1805 spem
1064 1725 1103 1780 et
1119 1708 1354 1804 opinionem
1378 1707 1421 1781 in
1437 1701 1651 1780 Neuiiriam
1669 1705 1837 1780 reversus
1866 1691 2050 1784 omnibus

206 1856 212 1878 =
298 1847 448 1898 novum
474 1825 518 1894 in
544 1825 697 1897 animos
724 1841 911 1898 terrorem
935 1824 1143 1897 iniiciebat.
1209 1830 1362 1921 Quanto
1398 1823 1544 1896 diutius
1571 1824 1678 1899 enim
1692 1822 1814 1897 furor
1839 1844 1985 1899 retenta
2010 1845 2050 1901 et

300 1935 498 2047 constricta
524 1939 670 2029 fuerat,
698 1957 821 2025 tanto,
834 1941 1114 2017 vehementiori
1136 1966 1246 2015 nunc
1270 1941 1421 2040 impetu
1445 1941 1722 2038 prorumpebat
1756 1940 1950 2017 vindictae
1985 1971 2050 2018 cu·

297 2059 440 2156 piditas
454 2052 518 2150 ¹⁵).
570 2054 716 2133 Auctor
740 2060 852 2132 Vitae
878 2064 930 2132 St.
958 2060 1184 2157 Leodegarii
1208 2058 1346 2147 refert,
1385 2058 1605 2133 Ebroinum
1631 2057 1894 2133 Chlodoveum
1932 2087 2049 2159 quen·

216 2228 219 2235 -
298 2177 398 2266 dam,
425 2200 543 2274 quem
568 2175 783 2249 chlotharii
808 2180 865 2249 111
891 2175 1018 2250 filium
1042 2173 1153 2249 fuiffe
1178 2175 1430 2263 contenderit,
1458 2199 1587 2277 regem
1611 2173 1681 2278 libi
1706 2175 1866 2277 elegille,
1895 2204 1973 2276 quo
1992 2207 2049 2254 re·

298 2296 361 2398 gia
404 2292 507 2394 quali
549 2294 778 2369 auctoritate
818 2294 1004 2389 licentius
1046 2318 1156 2391 agere
1188 2291 1371 2389 potuiffet
1392 2285 1456 2387 ¹⁶).
1530 2300 1654 2391 Quam
1695 2319 1777 2367 rem
1820 2293 1884 2368 etii
1932 2299 2048 2372 ceteri

296 2413 498 2511 scriptores
524 2422 688 2496 taceant,
713 2430 845 2482 tamen
871 2435 954 2480 non
976 2410 1135 2501 prorsus
1162 2410 1371 2484 abnuerim.
1409 2415 1613 2505 Propterea
1638 2412 1744 2482 enim
1769 2409 1920 2485 foriass'e
1944 2416 2049 2488 nihil

294 2530 342 2603 de
365 2533 440 2603 hoc
466 2525 687 2599 Chlodoveo
721 2523 928 2596 memoriae
961 2523 1215 2619 prodiderunt
1249 2522 1468 2618 scriptores,
1497 2522 1602 2620 quod
1627 2530 1710 2598 ¹non
1726 2551 1951 2625 ¹germanus,
1980 2531 2043 2605 sed

297 2642 643 2743 iuppoiituqiiliua
671 2639 884 2714 chlotharii
910 2636 981 2740 elle
1006 2638 1219 2734 videbatur.
1272 2646 1407 2737 Neque
1432 2639 1513 2714 eiua
1540 2664 1704 2740 regnum
1731 2642 1799 2715 diu
1824 2642 1967 2719 durelie
1988 2650 2047 2723 vi·

261 2756 427 2848 'detur3
465 2785 557 2835 nam
581 2762 698 2858 paulo
723 2753 808 2855 post
832 2757 1028 2832 Ebroiuua
1055 2756 1102 2828 ad
1128 2756 1416 2832 Theodericum
1445 2758 1484 2831 ie
1518 2760 1688 2838 contulit
1712 2759 1846 2858 ibique
1882 2761 1974 2836 dolo
2008 2783 2048 2839 et

297 2882 442 2955 artibus
479 2879 521 2952 id
547 2878 745 2962 obtinuit,
782 2893 829 2947 ut
862 2875 1004 2948 iterum
1029 2870 1326 2949 Neulirafiomm
1351 2876 1480 2949 Maior
1506 2877 1644 2951 domus
1672 2874 1961 2954 constitueretur
1982 2878 2044 2976 ¹⁷).

295 2998 494 3095 Exemplis
520 3015 650 3069 tamen
677 2987 930 3069 demonstrare
953 2993 1067 3079 veile,
1094 3010 1330 3090 quantopere
1356 2990 1494 3068 deinde
1506 2993 1701 3069 Ehroinus
1718 3017 1933 3093 recuperata
1959 3019 2044 3097 pot·

296 3113 407 3192 estate
443 3115 579 3188 abuius
603 3113 677 3201 tit,
714 3110 800 3201 fere,
829 3111 1073 3185 temerarium
1098 3110 1252 3183 videtur
1277 3109 1347 3183 effe
1374 3136 1485 3207 opus.
1550 3118 1652 3184 Nam
1679 3137 1812 3188 omnes
1831 3116 1918 3190 fere
1954 3118 2043 3190 scri·

295 3252 445 3331 ptores,
474 3233 542 3332 qui
567 3249 660 3305 tunc
684 3229 888 3316 vixerunt,
912 3222 1042 3318 nihil,
1069 3226 1143 3301 nifi
1168 3228 1331 3302 Ebroini
1358 3225 1500 3327 flagitia
1525 3229 1710 3325 praebent
1723 3219 1796 3320 ¹⁸),
1823 3233 1931 3306 cuius
1958 3259 2043 3307 cru·

164 3419 173 3431 .
296 3350 445 3425 delitati
466 3369 510 3446 ,et
533 3348 853 3445 intemperantiae
876 3346 950 3421 nili
975 3343 1151 3421 Australii
1174 3344 1327 3420 fortiter
1352 3346 1390 3419 ie
1415 3343 1685 3447 opposuillent
1703 3370 1796 3434 ¹non
1820 3347 1937 3423 modo
1958 3355 2042 3424 Me·

228 3534 236 3549 ,
293 3467 472 3568 rovingi,
517 3468 579 3542 led
610 3467 691 3568 ipsa
725 3471 959 3544 Francorum
994 3466 1127 3547 civitas
1158 3489 1243 3540 non
1276 3461 1458 3565 potuiliet
1491 3488 1575 3541 non
1611 3465 1663 3541 ad
1692 3464 1896 3541 interitum
1920 3493 2041 3566 usqua

294 3611 479 3664 corruere.

992 3774 997 3781 ⁵
1111 3806 1253 3893 Μ·

240 3928 244 3937 ’
397 3946 726 4043 Quemadmodum
751 3970 836 4025 non
860 3904 1188 4046 defuerunt,·qui
1210 3945 1376 4024 Ehrcini
1400 3947 1549 4023 reducis
1571 3965 1701 4046 partes
1724 3947 1891 4033 libenter
1915 3945 2040 4041 leque

293 4076 446 4150 rentur,
481 4083 520 4138 et
551 4066 660 4141 licuti
685 4065 826 4156 cxliiii,
864 4067 919 4140 ita
951 4090 1059 4140 nunc
1092 4064 1327 4165 flagitiorum
1360 4067 1456 4142 socii
1480 4063 1664 4159 ellent¹),
1697 4061 1746 4137 fic
1773 4080 1905 4136 contra
1931 4059 2040 4136 exsti·
2160 4141 2169 4165 ,

292 4196 425 4252 terunt
458 4182 558 4253 haud
582 4186 718 4281 pauci,
751 4184 822 4284 qui
846 4184 1012 4259 Rbroini
1038 4185 1213 4258 audaciae
1240 4201 1279 4257 et
1304 4183 1431 4259 furori
1455 4184 1750 4281 temperantiam
1775 4198 1814 4253 et
1839 4177 2041 4255 confilium

201 4338 204 4343 ,
292 4322 490 4395 opponere
515 4300 835 4376 vehementillime
861 4319 1055 4400 cuperent.
1115 4302 1170 4374 Hi
1203 4319 1332 4375 tamen
1359 4301 1406 4374 ab
1424 4301 1569 4387 initio,
1606 4298 1701 4371 duce
1727 4316 1766 4372 et
1791 4295 1893 4396 quali
1918 4300 2042 4396 capite

292 4414 474 4506 destituti,
500 4441 585 4492 non
609 4439 689 4492 tam
712 4444 754 4492 re
777 4435 819 4490 et
844 4420 973 4508 armis,
1000 4443 1116 4516 quam
1145 4422 1487 4515 voluntatemque
1513 4413 1639 4491 verbis
1666 4433 1802 4490 contra
1827 4415 2040 4489 Ebroinum

293 4538 529 4634 Pugnabam
590 4535 719 4613 Nimia
752 4537 870 4615 enim«
892 4552 1003 4629 tantu
1034 4528 1174 4633 terum,
1192 4531 1451 4612 bidffitudine
1482 4534 1678 4610 bonorum
1702 4534 1824 4608 animi
1847 4531 2041 4631 perterriti
2104 4578 2113 4635 3

1540 4675 1573 4743 L
