4590 5364
1044 290 1121 333 1⁵⁶¹·
1224 280 1274 358 80
1320 264 1331 353 ¹,
1349 291 1430 343 ’χ’-8
1526 270 1529 275 8

370 472 556 559 Ebroino‚
585 469 747 565 suscepit
758 458 805 560 8).
848 459 985 564 Quodsi
1012 480 1112 538 aetas
1139 465 1211 538 illa'
1231 463 1458 538 ultimorum
1477 466 1797 568 Merouingorum
1816 465 1969 549 fortasse
1996 445 2122 550 omiti·
2197 506 2199 511 ⁸

373 612 430 667 no¹
453 593 554 665 nihil
578 590 754 685 praebere
780 583 963 670 videatur,
993 609 1070 680 quo
1098 585 1145 681 ad
1170 579 1395 681 posteritatis
1421 608 1541 682 usque
1568 588 1795 661 memoriam
1812 594 2122 679 commendetura

376 732 503 784 tamen
540 706 641 779 haud
675 707 752 781 scio
782 728 835 775 an
875 703 1010 798 cuique
1046 703 1116 773 intr
1093 729 1214 802 enue
1249 720 1291 773 et
1321 703 1388 773 illa
1424 704 1566 776 mentis
1593 708 1793 779 oculorum
1819 726 2005 807 tanquam
2031 711 2157 798 acie,

195 825 199 833 ’
284 858 297 868 ’
377 856 448 925 qua
485 827 613 900 omnia
652 824 790 895 clarius
828 839 866 893 et
905 822 1115 894 accuratius
1154 819 1455 918 perspiciuntur,
1498 847 1624 894 rerum
1659 825 1913 900 humanarum
1946 847 2209 930 naturam

375 966 487 1042 atque
514 939 799 1016 vicissitudines
821 906 1073 1013 consideranti
1110 941 1212 1011 haud
1237 938 1450 1011 iniucunda
1484 958 1673 1041 appareat
1696 944 1926 1034 observatio,
1964 966 2124 1043 quantes

374 1085 468 1136 tunc
493 1069 726 1134 Francorum
753 1059 902 1131 civitati
927 1055 1197 1131 vicissitudines
1231 1056 1430 1129 Maiorum
1467 1058 1656 1131 domus
1643 1061 1892 1159 ingeniortun
1931 1065 2123 1140 diversitas
2234 1126 2244 1149 ,

375 1178 640 1279 procreaverit
707 1177 854 1274 Quibus
882 1200 929 1248 ex
953 1172 1262 1248 ministerialibus
1286 1176 1453 1247 maxime
1478 1195 1693 1260 memoratu
1726 1179 1867 1278 dignus
1903 1177 1952 1252 est
1985 1154 2122 1256 Ebroi·

376 1319 461 1386 nus,
480 1317 566 1370 tum
576 1313 749 1393 propter
766 1295 965 1395 propriam
991 1294 1141 1392 ingenit
1130 1295 1344 1382 indolem,
1371 1311 1457 1365 tum
1474 1293 1743 1390 imprimisque
1768 1292 1977 1393 propterea,
2005 1301 2123 1395 quod,

378 1418 511 1528 sedatis
539 1415 741 1511 'paululum
768 1413 935 1489 civitatis
973 1413 1172 1509 procellis,
1210 1437 1331 1485 novas
1357 1399 1498 1485 iterum
1523 1413 1705 1485 excitavit
1738 1410 1990 1512 tempestates,
2026 1440 2122 1512 quae

366 1533 619 1632 ,Merovingis
646 1533 858 1626 interitum,
884 1520 1099 1604 Maioribus
1127 1534 1265 1603 domus
1291 1545 1454 1629 regnum
1471 1547 1706 1626 Qpararunt
1722 1530 1802 1604 Nisi
1827 1535 1933 1607 enim
1957 1533 2122 1609 Ebroini

308 1730 311 1739 Δ
376 1653 594 1752 proruperit
619 1649 794 1736 audacia,
821 1673 904 1749 non
931 1650 1086 1746 Pippini
1112 1650 1149 1720 ΙΙ
1174 1648 1444 1747 temperantia,
1474 1649 1601 1721 Caroli
1625 1651 1795 1722 Martelli
1821 1649 2013 1727 fortitudo
2038 1677 2122 1727 non

261 1760 263 1763 ⁵
377 1768 565 1845 eluxerit,
602 1767 768 1840 Ebroini
794 1766 924 1838 furore
949 1767 1257 1864 provocabantur
1281 1761 1455 1850 virtutes,
1483 1788 1579 1862 quae
1606 1793 1682 1867 quo
1704 1769 1863 1843 rariores
1879 1774 1974 1843 tuno
2001 1787 2121 1858 erant,
2235 1804 2237 1807 ·

378 1917 423 1963 eo
462 1884 670 1958 maioribus
707 1908 728 1955 a
764 1869 978 1979 posteritate
1015 1885 1191 1958 laudibus
1230 1877 1367 1954 merito
1395 1877 1624 1969 efferrmtur;
1659 1869 1824 1958 Ebroini
1856 1886 1980 1960 nimia
2015 1889 2128 1988 regni
2172 1868 2178 1875 ¹

268 2050 269 2055 ι
378 2007 584 2102 cupiditate
610 2002 793 2075 naturalis
828 2003 895 2074 illa
929 2009 1163 2077 Francorum
1198 1993 1448 2088 disiunctio,¹
1473 2025 1570 2098 quae
1607 2002 1655 2074 ad
1684 2003 1849 2100 'Pippini
1886 2011 1925 2079 11
1961 2006 2126 2105 gloriam

308 2174 310 2178 »
377 2125 477 2197 haud
504 2120 713 2199 minimum
741 2122 928 2208 contulit,
967 2122 1238 2193 maturabatur.
1292 2109 1748 2218 At'Ebroinus.inge,nio
1775 2121 1843 2193 suo
1870 2120 2021 2197 fortasse
2047 2134 2138 2199 me·-
2198 2172 2202 2179 ·

323 2257 325 2261 ’
376 2245 491 2315 liores
518 2238 586 2309 sibi
614 2237 773 2336 suaeque
799 2239 905 2337 genti
932 2240 1209 2335 comparaverit
1238 2237 1385 2311 fructus
1400 2291 1410 2324 ,
1437 2234 1510 2323 nisi
1536 2237 1891 2311 illamoderatione
1929 2242 2126 2340 animique

378 2356 585 2434 constantia
611 2359 724 2452 plane
751 2357 934 2446 caruerit,
972 2383 1043 2456 qua
1072 2376 1219 2434 carente
1246 2357 1385 2431 eximia
1409 2356 1491 2454 ipsa
1513 2353 1640 2432 'virtus
1665 2357 1765 2431 nihil
1791 2347 1997 2458 magnum,
2024 2362 2126 2435 nihil

376 2479 609 2576 praeclarum
631 2480 803 2572 unquam
830 2473 971 2550 efficere
997 2478 1129 2574 potest
1182 2478 1370 2549 Interim
1359 2505 1401 2548 ιιι
1427 2474 1575 2550 Austria
1601 2475 1859 2565 Wulfoaldus,
1888 2479 2124 2554 Theoderico

377 2603 436 2671 III
462 2614 499 2669 et
526 2593 739 2665 Childerico
759 2600 815 2677 II,
844 2597 910 2687 qui
936 2595 1171 2664 Theoderico
1198 2593 1376 2659 exulante
1402 2591 1505 2661 solus
1531 2598 1764 2672 Francorum
1790 2621 1952 2709 regnqm
1977 2598 2128 2688 obtine·

293 2724 296 2733 '
375 2700 513 2804 ,bat⁷,)
548 2712 821 2816 regnantibus,
857 2708 1019 2783 Maioris
1047 2710 1184 2781 domus
1218 2730 1376 2778 munere
1411 2705 1644 2806 fungebatur
1658 2700 1707 2799 8.)
1769 2711 1986 2798 Ebroinum
2019 2741 2126 2804 vero,

379 2832 471 2909 cum
496 2831 649 2905 Francis
678 2830 778 2902 avita
804 2828 887 2898 iura
914 2827 1057 2922 eripere
1083 2845 1122 2900 et
1146 2824 1223 2900 fine
1256 2827 1426 2900 leudum
1452 2826 1638 2909 consensu
1672 2826 1955 2900 Theodoricum
1989 2830 2126 2905 desun-
2214 2854 2216 2859 ’

380 2931 455 3024 cto
472 2948 693 3022 chlothario
719 2942 1020 3018 IH-substituere
1047 2963 1269 3034 conaretur,
1308 2947 1437 3021 leudes
1462 2946 1532 3018 hac
1557 2944 1761 3018 insolentia
1796 2947 1990 3020 commoti·
2014 2936 2128 3023 simul

379 3095 470 3145 cum
509 3064 750 3138 Theodorlco
788 3040 832 3135 in
865 3061 1158 3153 monasterium,
1211 3061 1436 3139 tutiffimum
1470 3082 1564 3136 tunc
1602 3081 1640 3134 et
1673 3063 1921 3141 ultimumin
1947 3067 2127 3162 periculis

381 3186 630 3286 confugium,
668 3181 705 3253 se
731 3182 897 3279 recipere
924 3202 1069 3283 cogunt
1080 3177 1129 3275 8).
1193 3189 1437 3280 Quantopere
1461 3207 1552 3255 vero
1579 3177 1784 3255 monastica
1809 3183 1876 3257 illa
1902 3185 2023 3257 vitam
2059 3159 2148 3261 du·⁸
2185 3278 2187 3283 Ι

381 3306 492 3383 cendi
517 3304 614 3375 ratio
643 3302 688 3372 ab
714 3301 882 3381 Ebroini
907 3302 1067 3402 ingenio
1093 3302 1344 3387 abhorruerit,
1371 3299 1489 3396 paulo
1515 3297 1598 3397 post
1623 3301 1811 3396 apparuit.
1846 3301 1999 3376 Fefellit
2024 3306 2129 3378 enim

381 3412 545 3497 Francos
573 3420 667 3514 spes,
695 3404 819 3506 fore,
840 3437 885 3492 ut
912 3420 1125 3492 Childerico
1154 3420 1234 3493 solo
1262 3435 1448 3519 regnante
1472 3443 1574 3492 nova
1601 3417 1750 3490 civitati
1777 3420 1875 3494 salus
1902 3439 1940 3494 et
1965 3421 2149 3517 felicitas¹

381 3537 601 3624 efflorescat,
637 3538 781 3635 quippe
807 3562 896 3609 cum
921 3563 1005 3611 non
1031 3539 1162 3610 minus
1189 3534 1372 3610 iniustum
1398 3554 1436 3609 et
1460 3536 1691 3610 insolentem
1718 3535 1754 3609 se
1780 3542 1985 3634 praeberet,
2013 3566 2129 3637 quam

380 3659 574 3734 Ebroinus
610 3655 691 3750 ipse
724 3656 761 3730 se
795 3674 903 3728 antea
941 3656 1173 3753 praebuerat.
1236 3661 1337 3725 Nam
1363 3678 1452 3725 cum
1487 3654 1603 3727 novis
1629 3654 1779 3753 legibus
1805 3659 2002 3754 provisum
2029 3657 2127 3747 effet,

381 3803 432 3852 ne
458 3775 600 3848 iterum
624 3775 748 3851 nimia
763 3759 917 3857 licentia
929 3775 1097 3845 Maiores
1118 3774 1256 3845 domus
1275 3769 1466 3845 commissa
1482 3769 1551 3845 fibi
1576 3770 1757 3870 potestate
1783 3776 2041 3863 abuterentur,
2062 3779 2129 3853 has

315 3878 324 3890 8
382 3903 483 3996 leges
511 3891 575 3966 etsr
603 3888 892 3966 confirmaverat
918 3889 1173 3977 Childericus,
1203 3891 1248 3964 de
1275 3915 1405 3964 earum
1429 3889 1648 3989 integritate
1684 3909 1928 3988 tamennon
1962 3899 2144 3971 multum*
2240 3898 2244 3905 '

258 4025 264 4034 ”
384 4016 575 4098 sollicitus
602 4007 714 4082 fuisse
739 4009 901 4107 videtur.
955 4014 1167 4082 sanxerant
1191 4008 1380 4082 nimirum
1404 4009 1542 4081 Franci
1567 4008 1740 4082 Ebroino
1767 4010 1947 4107 expuls0,
1972 4040 2024 4088 ne
2048 4021 2137 4097 Mai

385 4131 447 4203 ior
473 4131 611 4203 domus
635 4153 677 4202 e
673 4126 749 4199 sua
775 4127 974 4222 prouincia
1012 4126 1055 4199 in
1094 4128 1208 4201 aliam
1234 4125 1440 4200 finitimam
1464 4127 1680 4213 invaderet,
1706 4152 1803 4202 neve
1829 4156 1930 4205 unus
1955 4133 2132 4228 idemque

272 4254 273 4258 ’
385 4247 437 4319 ad
462 4247 584 4321 vitam
610 4248 685 4321 hoc
711 4271 869 4318 munere
895 4242 1140 4351 fungeretur,
1167 4244 1240 4332 sed,
1268 4243 1362 4319 ficut
1387 4244 1611 4342 antiquitus,
1639 4244 1728 4318 suus
1756 4248 1900 4366 cuique
1919 4275 2021 4324 anno
2046 4253 2131 4323 Ma·

328 4402 333 4409 ·
382 4365 451 4440 ior
489 4365 624 4438 domus
661 4359 897 4462 eligeretur¹
899 4357 948 4456 8).
1015 4365 1140 4440 Serius
1174 4381 1304 4437 tamen
1337 4363 1421 4438 eius
1460 4359 1713 4439 ministerialis
1739 4345 1958 4463 potestatem
1981 4353 2132 4465 legibus

262 4581 265 4593 ι
370 4477 641 4578 ,constringere
667 4481 925 4569 conabantw,
952 4481 1021 4581 qui
1046 4484 1140 4565 iam
1137 4483 1300 4564 dudum
1324 4505 1408 4561 non
1434 4498 1514 4561 tam
1539 4481 1687 4586 legibus
1714 4485 1992 4599 obtemperare,
2016 4506 2133 4585 quam

1419 4795 1433 4837 l·
