4590 5364
921 210 1128 355 ..η
1229 291 1282 315 .-

219 465 605 566 soopuacrdinatur,
632 479 672 538 ct
691 462 848 553 ⁸waddo
876 461 1085 562 chilperici
1111 461 1234 538 liliam
1258 462 1302 535 in
1329 457 1554 558 Hispaniam
1580 462 1816 556 comitatur,
1847 467 1980 569 ‚hono-

217 587 277 662 tis
309 605 347 660 et
380 603 580 684 propterea
615 583 855 659 auctoritatis
882 585 1079 657 Maiarum
1113 585 1252 658 domus
1281 579 1475 678 quoddam
1501 581 1603 679 quasi
1629 581 1740 657 fuisse
1767 585 1980 687 incremen-

219 710 327 779 tum:
365 705 435 778 vix
470 723 600 777 tamen
638 703 778 778 certius
814 701 973 776 definire
1006 702 1118 790 licet,
1153 718 1343 800 quatenus
1377 701 1469 771 talia
1495 702 1541 773 ad
1567 701 1764 776 infinitam
1791 704 1980 778 seriorum

216 825 416 898 Maiorum
443 825 580 899 domus
606 817 829 919 potestatem
855 819 1097 895 condendam
1119 820 1362 918 pertincant3
1389 818 1507 915 idque
1532 821 1734 916 praecipue
1760 822 1985 919 propterea,

127 994 162 1014 ,ι
217 922 333 1040 quod,
361 968 456 1039 quae
481 943 585 1013 inter
610 941 777 1036 primam
802 941 999 1025 Maiarum
1026 941 1165 1012 domus
1191 937 1459 1011 conditionem
1487 955 1525 1009 et
1551 963 1634 1022 eam
1659 956 1831 1035 tempore
1856 943 1976 1014 Bade·
2038 926 2064 998 '·

217 1059 338 1135 elrifih
363 1079 402 1134 et
428 1059 642 1135 Waddonis
671 1057 887 1131 obtinuerit
912 1053 1151 1145 differentia,
1178 1057 1241 1131 vel
1266 1059 1379 1152 plane
1404 1079 1508 1142 non,
1548 1057 1611 1130 vel
1638 1058 1858 1129 coniectura
1893 1076 1976 1131 tan·
2046 1075 2058 1093 ⁴

216 1197 298 1252 tum
325 1176 521 1276 possumus
548 1177 733 1251 invenire.
787 1181 1044 1273 Quaecunque
1070 1201 1161 1250 vero
1188 1174 1306 1248 suerit
1330 1175 1455 1272 prima
1473 1174 1587 1248 huius
1607 1171 1861 1248 ministerialis
1887 1202 1976 1250 con·

216 1297 317 1370 ditio
344 1315 382 1370 et
408 1295 484 1369 five
503 1280 576 1381 ea,
604 1318 720 1390 quam
745 1318 820 1367 nos
846 1295 1117 1391 proposuimus
1144 1293 1189 1364 in
1216 1293 1496 1390 superioribus,
1523 1291 1598 1365 sive
1626 1294 1699 1366 alia
1726 1295 1847 1394 magis
1888 1319 1981 1389 pro·

213 1416 326 1490 betur
351 1416 557 1500 sententia,
581 1414 658 1493 duo
685 1414 773 1486 sane
797 1413 924 1508 prima
952 1431 991 1485 et
1013 1429 1213 1509 propterea
1239 1412 1421 1507 primaria
1447 1436 1532 1484 non
1559 1413 1685 1485 solum
1710 1412 1885 1498 honoris,
1913 1411 1976 1485 sed

215 1534 334 1608 etiam
360 1529 560 1630 potestatis
584 1532 825 1605 incrementa
851 1548 982 1617 erant,
1011 1529 1115 1626 quod
1140 1531 1285 1603 Maiori
1310 1533 1449 1603 domus
1477 1532 1666 1604 exercitus
1694 1531 1862 1615 ducendi
1887 1552 1976 1628 pro·

84 1718 88 1723 .
212 1653 343 1728 vincia
367 1652 427 1724 'ad
464 1651 648 1726 veterem’
667 1646 888 1745 potestatem
914 1649 1070 1743 insuper
1089 1647 1432 1734 committebatur,
1470 1666 1508 1719 et
1535 1651 1641 1743 quod
1666 1651 1738 1721 uni
1764 1651 1974 1747 eodemque

90 1841 96 1847 .
211 1769 260 1844 ad
292 1771 393 1845 vitae
414 1769 502 1842 suae
521 1786 673 1864 tempus
699 1789 845 1841 munus
882 1766 997 1838 semel
1023 1766 1240 1860 susceptum
1278 1764 1569 1838 concedebatur.
1626 1767 1739 1864 Quod
1767 1785 1974 1862 utrumque

213 1888 302 1961 casu
327 1905 366 1959 ct
389 1882 600 1959 necessitate
627 1881 731 1990 quasi
756 1900 918 1981 urgente
945 1878 1147 1969 effectum,
1186 1878 1487 1967 fundamentum
1515 1900 1643 1955 tamen
1671 1901 1709 1954 et
1735 1885 1974 1982 principium

210 2007 315 2079 haud
341 2004 536 2078 immerito
563 2004 644 2074 eius
671 1997 866 2098 potestatis
890 2000 1023 2105 haberi
1049 1997 1183 2097 potest,
1217 2025 1312 2097 quae
1337 2001 1465 2074 seculo
1494 2018 1631 2075 octavo
1660 2002 1780 2097 ipsam
1806 1998 1975 2101 regalem
2088 2009 2093 2017 ’

209 2126 336 2199 sedem
362 2146 547 2218 occupare
573 2121 715 2217 potuit.
770 2119 867 2192 Satis
894 2119 1083 2192 nimirum
1108 2136 1251 2191 notum
1277 2113 1346 2206 cst,
1372 2116 1663 2193 Brunicbildom
1689 2119 1874 2193 defuncto
1902 2145 1969 2193 ne·

209 2259 323 2340 pote,
352 2239 614 2326 Theodorico,
642 2239 724 2312 eius
751 2237 898 2326 silium,
926 2238 1173 2337 sigibertum,
1200 2237 1245 2310 in
1271 2254 1470 2334 paternam
1496 2237 1620 2311 sedem
1646 2234 1971 2347 substitueretu-

133 2420 136 2425 .
207 2358 328 2434 luisse.
380 2355 556 2431 Austrafii
590 2375 720 2429 tamen
756 2373 868 2450 atque
894 2357 1210 2452 Burgrmdiones,
1257 2357 1381 2452 magis
1408 2354 1559 2428 fortasse
1587 2357 1709 2429 nimia
1736 2359 1803 2430 illa
1832 2360 1970 2431 Bruni-

207 2468 344 2552 'childis
361 2475 576 2568 imperandi
594 2471 823 2566 cupiditate,
841 2493 957 2564 quarn
978 2469 1160 2566 Sigiberti
1184 2467 1353 2540 infantia
1380 2489 1492 2565 atque
1520 2473 1751 2567 impotentia
1778 2473 1963 2561 deterriti,

209 2592 477 2668 chlotharium
499 2594 548 2675 11,
577 2587 783 2684 Chilperici
809 2605 847 2660 et
863 2585 1123 2686 Fredeguirdis
1141 2583 1279 2673 filium,
1302 2582 1406 2659 'clun
1432 2601 1470 2658 et
1497 2590 1644 2662 occulte
1671 2589 1901 2694 arcesserant,
1926 2611 1970 2665 ut

206 2711 319 2788 simul
345 2734 433 2783 cum
460 2724 619 2804 paterno
648 2706 764 2779 etiam
790 2704 964 2802 ipsorum
988 2729 1153 2805 reguum
1178 2702 1404 2801 susciperet,
1425 2721 1463 2777 et
1488 2704 1543 2778 ita
1569 2707 1769 2781 discordiis
1790 2697 1968 2785 fraternis

207 2828 464 2923 civilibusque
490 2825 603 2899 bellis
629 2823 749 2897 finem
773 2825 1001 2919 imponeret
1053 2819 1169 2920 Quod
1194 2846 1292 2895 cum
1326 2821 1567 2923 comperisset
1592 2823 1852 2899 Bruniehildis
1889 2826 1969 2923 pri·

204 2960 315 3022 mum
332 2945 524 3043 precibus,
555 2942 693 3027 deinde
721 2941 839 3014 arnus
858 2940 1122 3015 chlotharium
1147 2964 1275 3014 arcere
1293 2941 1520 3043 conabatur,
1540 2960 1577 3015 et
1593 2962 1790 3043 propterea
1809 2953 1968 3027 Warnae

195 3053 397 3151 chelium,
425 3065 615 3136 Maiorem
641 3060 791 3149 domus,
819 3085 908 3133 cum
935 3060 1125 3161 sigiberto
1151 3078 1293 3157 nepote
1318 3061 1367 3137 ad
1392 3079 1550 3162 „gentes
1570 3064 1668 3135 ultra
1695 3064 1871 3167 Rhenum
1901 3066 1966 3139 ha·

206 3184 403 3256 uitantes‘
429 3181 646 3262 emittebat,
685 3205 779 3278 quas
819 3198 952 3263 contra
991 3178 1254 3254 chlotharium
1291 3181 1473 3255 excitaret
1508 3182 1763 3281 excitatusque
1799 3183 1963 3256 duceret.

204 3300 350 3374 Odium
374 3315 504 3372 tamen
532 3316 570 3372 et
595 3300 662 3386 ira,
690 3300 833 3395 quibus
859 3293 1211 3387 inBrunichiidem,
1239 3297 1350 3374 ficuti
1376 3323 1511 3374 omnes
1529 3296 1713 3375 Austrafii.
1731 3319 1770 3374 et
1785 3302 1963 3401 Burgun-

202 3420 359 3504 diones,
385 3418 439 3492 ita
460 3417 752 3492 warnacharius
779 3417 980 3516 flagrabat,
1004 3442 1050 3491 eo
1076 3418 1319 3521 augebantur.
1340 3419 1647 3516 quodammodo,
1675 3421 1780 3519 quod
1808 3425 1962 3492 Warna·
2022 3510 2029 3517 ,

203 3537 374 3623 charius,
410 3552 571 3631 quantas
604 3534 673 3631 ipsi
699 3536 960 3611 anichildis
979 3529 1134 3611 insidiae
1149 3537 1359 3632 paraverit,
1377 3538 1545 3612 fortuito
1572 3537 1839 3637 comperiebat.
1876 3540 1961 3612 Hoc

199 3655 287 3730 sane
316 3670 397 3728 erat
423 3653 532 3726 exitii
557 3655 817 3729 Brunicbildis
842 3655 1021 3729 initium..
1068 3656 1254 3741 Omnium
1280 3657 1385 3729 etaim
1406 3657 1542 3744 animi,
1569 3650 1831 3730 Brunicbildis
1858 3657 1960 3730 inso·
2040 3728 2046 3739 ,

125 3796 129 3805 ·
198 3775 319 3848 lentie
345 3791 383 3848 et
408 3770 540 3844 furore
566 3773 644 3849 iam
663 3773 808 3845 dudtrm
826 3772 1022 3859 concitati,
1052 3772 1098 3846 ad
1117 3774 1384 3849 chlotharium
1399 3799 1506 3849 nunc
1527 3772 1601 3850 sese
1620 3774 1907 3860 convertebant,
1924 3793 1961 3847 et

199 3908 432 3988 quantopere
443 3889 710 3965 warnacharii
728 3888 784 3964 ira
801 3890 843 3964 in
859 3891 1098 3972 iracundiam
1118 3909 1157 3965 et
1175 3918 1297 3988 paene
1313 3891 1485 3967 furorem
1504 3893 1681 3968 exarserit
1698 3893 1901 3995 praecipue
1919 3893 1961 3962 in

127 4034 132 4045 ·
196 4005 440 4083 crudelissima
455 4008 794 4084 illrunmichildis
820 4011 930 4084 caede
956 4009 1144 4104 apparuit,
1162 4036 1280 4107 quam
1306 4012 1485 4108 equidem
1501 4013 1668 4085 maxime
1680 4010 1963 4084 warnachario
1991 4050 1998 4058 ·

197 4143 365 4212 auctore,
382 4149 614 4225 quamquam
632 4125 737 4216 iusta,
764 4152 847 4202 non
864 4128 986 4203 nimis
1002 4124 1155 4200 honesta
1173 4145 1302 4202 tamen
1320 4128 1514 4203 vindictae
1533 4130 1741 4226 eupiditate
1768 4127 1962 4226 flagrante,

192 4259 449 4343 perpetratam
472 4243 581 4319 fuisse
607 4272 689 4321 non
717 4248 929 4321 abnuerim.
982 4246 1316 4343 Quemadmodum
1340 4273 1432 4321 vero
1459 4249 1572 4334 illud,
1599 4247 1707 4342 quod
1733 4248 1962 4321 Warnatha·

93 4392 123 4455 ς
189 4365 269 4437 rius
295 4386 318 4435 a
340 4360 591 4434 Brunicbilde
616 4366 664 4437 ad
691 4365 902 4439 exercitum
927 4381 1060 4438 contra
1083 4363 1350 4438 Chlotharium
1375 4363 1596 4437 ducendum
1623 4348 1846 4466 eligebatur,
1878 4367 1955 4443 iam

189 4480 278 4559 satia
306 4476 481 4572 tetum,
518 4497 664 4579 quauta
687 4479 812 4558 suerit
832 4477 998 4559 Maioris
1025 4482 1166 4559 domus
1189 4504 1280 4581 prae
1314 4482 1450 4559 ceteris
1484 4484 1723 4587 auctoritas,
1748 4483 1817 4576 sic,
1868 4478 1960 4581 quid
