4590 5364
839 390 1261 517 ⁴“ss--

72 672 77 679 '
206 644 533 733 imiflfffifflms
558 651 658 732 quw
681 651 787 731 teget
812 629 932 705 libers
951 629 1140 705 eloctione
1156 627 1229 705 libi
1254 628 1400 704 sumere
1423 627 1557 703 solitae
1572 635 1692 716 erant,
1708 627 1808 701 illud
1823 642 1957 701 tamen
2007 679 2010 687 .

205 747 341 825 lonlim
373 738 884 850 lcnfimque‘conluetudina
909 766 1106 846 receptum
1137 746 1208 836 eil,
1239 765 1297 838 et,
1328 767 1374 821 ut
1404 750 1458 822 ita
1477 748 1622 837 dicam,
1647 752 1831 844 tanquam
1856 747 1957 845 lege„
2016 840 2019 845 Ι

205 891 290 943 non
315 868 453 977 [cripta
477 867 654 966 quidem,
679 867 742 943 sed
767 885 940 966 tempore
973 867 1129 943 condita
1157 868 1372 956 sancitum,
1408 884 1454 940 nt
1490 894 1538 941 ex
1559 892 1639 940 una
1665 865 1868 963 eademque
1896 864 1954 938 iass.

204 988 313 1062 milia
330 1010 434 1087 rages
454 988 697 1088 eligerentur.
748 991 807 1060 Ita
836 987 1016 1061 cherusci
1042 985 1215 1060 Anninii
1240 1005 1407 1083 patrem,
1443 1011 1579 1074 avum,
1601 1008 1791 1083 proavum
1811 1001 1852 1055 et
1874 1007 1954 1058 mc·
2039 1075 2048 1087 Ι

62 1115 65 1121 ’
202 1107 305 1185 iores
322 1106 400 1180 iam
430 1103 544 1180 duces
568 1102 729 1180 iuenmt
755 1102 893 1192 secuti3
917 1105 972 1179 ita
991 1106 1263 1181 Marcomanni
1280 1132 1328 1179 ex
1351 1088 1589 1179 Marobodui
1615 1101 1728 1199 stirp'e
1758 1126 1865 1202 reges
1881 1099 1953 1175 fibi

202 1222 458 1323 sumpserunt3
491 1224 546 1297 ita
564 1218 801 1323 Ostrogothis
815 1225 944 1298 Amali
957 1216 1005 1316 ³),
1031 1224 1263 1327 Agilolfmgi
1279 1226 1494 1299 Bainvariis
1505 1215 1543 1316 ⁴)
1572 1224 1685 1296 duces
1701 1221 1952 1325 prseiyerant,

124 1422 129 1429 ,
158 1347 169 1403 ἶ
201 1343 255 1442 At
279 1342 382 1416 nihil
408 1341 498 1416 dico
525 1341 573 1415 dc
596 1346 793 1425 Memno.
812 1326 914 1416 nihil
931 1341 977 1416 dc
998 1341 1186 1418 clodione
1206 1339 1270 1419 lou
1287 1345 1487 1445 clogione,
1516 1366 1683 1440 quorum
1703 1339 1894 1438 originem
1914 1357 1953 1441 et

202 1461 475 1559 cognationem
492 1456 522 1535 li
538 1460 750 1535 accuratius
766 1485 816 1535 ex
832 1460 1011 1536 fontibus
1025 1464 1145 1536 velim
1164 1487 1304 1551 eruere,
1326 1465 1571 1537 vehementer
1587 1485 1732 1548 vereor,
1749 1483 1800 1532 nc
1818 1476 1952 1530 eorum

151 1650 154 1654 ,
201 1599 410 1652 numerum
425 1601 596 1678 augeam,
623 1568 832 1676 quifadhuc
847 1572 1061 1655 fruſtratam
1077 1582 1168 1654 huic
1192 1582 1248 1654 rei
1273 1598 1468 1655 naverunt
1484 1604 1638 1674 operam
1651 1573 1714 1670 ⁵).‘
1733 1579 1845 1650 Licet
1861 1600 1952 1649 vero

92 1715 96 1723 ’
199 1697 522 1796 merovingorum
547 1720 710 1795 regnum
734 1696 952 1773 hereditatis
979 1701 1147 1796 quodam
1172 1700 1256 1773 iure
1281 1700 1360 1770 iam
1384 1716 1480 1770 tunc
1505 1697 1705 1770 munitum
1740 1692 1812 1766 elie
1847 1694 1953 1764 vide·

201 1794 325 1903 retur,
352 1813 596 1889 childericil
621 1830 760 1900 tamen,
785 1817 959 1888 Merovei
993 1816 1077 1902 filii,
1103 1813 1257 1887 historia
1284 1814 1372 1887 satis
1399 1812 1576 1901 testatur,
1594 1829 1779 1910 quantam
1802 1811 1864 1883 illi
1888 1811 1952 1882 he·

80 1966 83 1974 ¹
201 1934 374 2007 ruditatis
400 1932 480 2006 iuri
503 1932 587 2005 vim
612 1931 746 2026 Franci
771 1929 841 2028 ipli
866 1931 1083 2006 tribuerint.
1136 1933 1350 2006 Fatendum
1375 1930 1426 2007 est
1451 1933 1550 2020 isne,
1579 1928 1784 2007 childerici
1810 1928 1859 2001 ad
1883 1933 1953 2000 Ba·

198 2050 345 2140 linum,
371 2051 664 2150 Thuringorum
687 2073 836 2149 regem,
870 2049 1025 2148 fugam,
1059 2075 1148 2125 cum
1172 2050 1380 2127 Wiomado
1407 2051 1617 2124 amicitiam
1643 2067 1682 2122 et
1707 2072 1796 2121 cum
1821 2044 1953 2119 Balina

200 2169 430 2271 coniugium
456 2165 650 2264 quandam
682 2168 891 2275 commenti
917 2170 1080 2264 speciem
1103 2171 1292 2268 praebere.
1343 2169 1416 2243 Sed
1441 2170 1541 2243 nihil
1568 2165 1716 2255 obstat,
1754 2165 1850 2263 quin
1876 2190 1953 2237 cre·

197 2289 344 2376 minus,
357 2274 631 2361 'childericum
655 2311 724 2382 per
748 2287 897 2383 aliquot
921 2305 1072 2382 tempus
1100 2291 1146 2361 de
1171 2313 1290 2388 regno
1313 2289 1514 2375 deiectum,
1543 2288 1680 2365 deinde
1699 2309 1792 2358 vero
1812 2285 1953 2357 iterum

198 2406 243 2481 ln
269 2389 440 2502 patricio
475 2405 601 2477 [edem
636 2399 849 2475 restitutum
875 2401 1008 2488 imile,
1046 2406 1161 2498 idque
1194 2430 1277 2476 non
1312 2404 1390 2476 fine
1422 2406 1637 2476 amicorum
1672 2406 1763 2475 dolo
1799 2421 1837 2475 et
1861 2401 1952 2473 arti·

195 2524 271 2597 bus
283 2513 337 2612 ⁶).
390 2519 527 2593 liedur
550 2542 643 2593 vero
669 2517 904 2591 childericus
930 2516 1154 2593 intellexiss'e
1178 2520 1353 2607 ridetur,
1391 2519 1486 2618 quid
1509 2521 1723 2617 plurimum
1761 2520 1808 2591 ad
1841 2515 1952 2592 stabi·

197 2638 377 2716 liendum
400 2653 441 2715 et
465 2633 697 2711 firmandum
720 2626 845 2731 stirpis
872 2635 958 2709 luae
983 2637 1191 2734 imperium
1219 2638 1395 2711 conferre
1418 2634 1542 2735 poffit.
1593 2638 1711 2713 Bellis
1738 2637 1846 2710 enim
1869 2658 1952 2709 non

199 2755 357 2835 fortiter
381 2772 547 2844 tantum,
574 2752 638 2828 led
663 2753 780 2827 etiam
804 2751 970 2827 feliciter
1005 2754 1181 2851 gerendis
1207 2773 1247 2828 et
1270 2756 1445 2832 victoriis
1472 2755 1574 2828 haud
1598 2757 1754 2852 paucis,
1780 2773 1826 2828 ut
1849 2751 1953 2827 vide·

199 2893 284 2966 tur,
308 2873 380 2951 libi
405 2873 635 2971 comparatis
648 2866 707 2962 ⁷),
733 2877 968 2945 Francorum
994 2870 1173 2945 fiduciam
1199 2891 1313 2971 atque
1339 2868 1509 2947 amorem
1534 2875 1588 2947 ita
1624 2873 1695 2947 libi
1729 2873 1952 2951 reconcilia·¹

197 2996 278 3083 vit,
312 3011 360 3067 ut
381 3019 466 3068 non
491 2992 619 3067 folum
641 2987 712 3064 fibi
736 2991 784 3063 ad
808 2987 926 3062 finem
951 3014 1072 3087 usque
1096 2992 1220 3080 vitae,
1263 2991 1327 3065 sed
1352 2993 1469 3064 etiam
1502 2991 1658 3090 posteris
1693 3019 1856 3093 regnum
1889 3016 1953 3088 pr·

197 3094 353 3187 tarnum
379 3109 617 3189 conservarat
641 3125 756 3209 atque
780 3127 964 3181 meretur.
1012 3114 1069 3182 Ita
1086 3126 1215 3183 tamen
1242 3111 1568 3208 Merovingorum
1585 3136 1750 3210 regnum
1767 3137 1851 3187 non
1873 3128 1952 3183 tam

198 3231 350 3329 legibus
369 3247 408 3304 et
426 3247 531 3303 certo
555 3225 744 3316 instituto,
771 3251 887 3325 quam
913 3246 1085 3323 tempore
1110 3244 1149 3303 et
1174 3228 1451 3304 consuetudine
1476 3247 1556 3302 erat
1582 3231 1794 3304 conditum
1829 3227 1955 3326 Quod.

198 3345 226 3422 fi
253 3349 467 3423 accuratius
489 3348 811 3447 Merovingorum
837 3342 1031 3419 historiam
1055 3343 1348 3445 perlustramus,
1384 3372 1474 3422 cum
1500 3349 1543 3423 in
1561 3350 1707 3423 multis
1733 3349 1844 3435 aliis,
1869 3364 1954 3423 uma

198 3468 244 3542 in
270 3490 317 3542 eo
343 3467 508 3539 maxime
534 3466 726 3554 cernitur,
771 3464 875 3561 quod
911 3466 1048 3537 Franci
1083 3467 1251 3563 semper,
1299 3465 1363 3540 etsi
1400 3465 1556 3556 falsam,
1596 3468 1787 3541 libertatis
1824 3483 1954 3539 tamen

49 3604 51 3609 ’
198 3585 393 3685 quandam
418 3582 584 3680 speciem
616 3580 688 3659 fibi
720 3584 883 3656 retinere
919 3583 1140 3680 cupiebant.
1192 3592 1294 3659 Nam
1320 3587 1467 3683 saepius
1494 3589 1714 3664 invenimus
1742 3587 1845 3683 apud
1868 3587 1955 3658 scri-

199 3704 327 3800 ptores'
353 3707 521 3777 Francos
547 3699 721 3775 defuncti
741 3701 845 3799 ragis
871 3701 996 3809 lilium
1019 3700 1091 3777 fibi
1115 3703 1181 3778 vel
1204 3703 1363 3779 fratrem
1387 3724 1517 3811 regem
1541 3705 1690 3805 elegille
1702 3759 1715 3795 ,
1741 3705 1845 3804 quali
1869 3729 1953 3776 non

200 3820 282 3895 iore
305 3816 538 3907 hereditatis,
565 3818 629 3895 scd
653 3818 841 3893 electione
865 3837 1020 3893 tantum
1046 3824 1093 3894 ad
1119 3833 1281 3920 regnum
1306 3824 1506 3920 pervenire
1532 3827 1705 3921 potuerit
1716 3816 1764 3917 ⁸).
1791 3862 1844 3878 -

300 3937 344 4012 Si
375 3957 521 4035 contra
543 3937 591 4011 de
614 3935 826 4032 praeficis,
852 3936 993 4034 ortibus
1030 3941 1355 4040 Merovingorum
1387 3966 1552 4042 regnum
1586 3944 1707 4018 fuerit
1742 3929 1951 4027 munitum,

82 4088 89 4109 ·
199 4054 418 4155 quaeritur,
440 4057 549 4132 haud
571 4051 727 4131 difficile
752 4051 804 4131 eil
827 4056 1045 4152 explicatu,
1081 4057 1175 4155 quid
1201 4059 1249 4132 ab
1275 4060 1393 4134 initio
1419 4062 1662 4161 Merovingis
1697 4085 1861 4160 regnum
1889 4085 1954 4158 pa·

199 4192 356 4250 tarnum
378 4176 601 4250 muniverit.
638 4174 819 4251 Munivit
843 4175 948 4251 etaim
972 4195 1126 4271 patrum
1149 4177 1286 4276 gloria,
1311 4173 1473 4277 pristina
1496 4179 1710 4275 prudentia,
1737 4181 1851 4279 vigor
1872 4181 1952 4253 ani·

197 4294 276 4383 mi,
311 4290 502 4367 fortimdo
537 4294 673 4369 bellica
713 4312 755 4368 et
786 4294 936 4392 egregia
971 4319 1143 4392 quaeque
1177 4297 1327 4383 virtus,
1362 4322 1459 4392 quae
1492 4298 1629 4393 cuique
1663 4298 1834 4396 principi
1869 4325 1952 4385 nou

197 4410 317 4487 modo
343 4409 492 4497 decori,
528 4411 594 4485 led
625 4409 739 4482 etiam
774 4411 957 4504 prasidio
995 4411 1108 4493 debet
1143 4409 1215 4484 elle
1250 4411 1474 4489 limriffimo.
1525 4415 1834 4493 Descilcantihus
1861 4444 1952 4491 vero
2026 4504 2030 4511 Ι

199 4527 388 4605 deindea
424 4545 579 4627 pamrm
616 4545 655 4602 et
686 4528 877 4602 maiorum
918 4530 1065 4637 virtute
1097 4548 1211 4628 atque
1244 4531 1370 4633 gloria
1400 4533 1667 4635 Merovingis,
1715 4537 1811 4635 quid
1847 4538 1952 4610 alind
2090 4606 2095 4619 ,

198 4650 431 4731 Frtueomm
454 4647 607 4723 minius
632 4645 688 4747 ad*
704 4636 927 4725 eumenum
950 4651 1026 4727 hoc
1049 4667 1089 4727 at
1114 4647 1388 4729 effaminsmm·
1408 4668 1548 4755 genus·
1561 4672 1784 4757 concertare
1808 4654 1956 4752 posuit«,
