4582 5364
268 510 409 566 contra
443 466 630 587 sententia
665 486 794 565 Maior
827 493 967 565 domus
1005 491 1096 564 inde
1118 491 1177 584 ¹ab
1216 515 1261 564 eo
1289 489 1373 587 ipso
1402 476 1593 586 tempore,
1621 515 1700 588 quo
1727 489 1861 564 Franci
1890 509 2031 564 terram
2061 578 2066 587 ι
2144 530 2150 539 ‚

269 632 493 710 ‘expugnare
520 611 732 708 coeperint,
761 605 905 708 („v.om
929 607 1096 715 Arrfang
1122 612 1189 683 der
1223 596 1457 710 Ereberung
1484 605 1589 706 orz“)
1615 608 1831 684 Praefectus
1858 610 1964 683 Fisco
1982 628 2027 689 ,et

276 725 379 824 quasi
405 728 619 803 intercessor
644 754 770 830 regem
796 729 896 803 inter
922 749 960 804 et
985 731 1176 827 populum
1202 733 1435 800 Francorum
1454 725 1564 800 fuisse
1588 728 1751 814 videtur,
1779 729 1832 800 ita
1859 730 2027 825 quidem,

275 864 320 917 ut
346 865 529 943 tanquam
554 847 731 921 tribunus
759 849 880 945 plebis
908 851 991 921 iura
1018 849 1136 921 totiu's
1175 847 1315 945 populi
1342 864 1511 919 tueretur
1538 865 1648 919 etex
1675 848 1779 919 Fisco
1807 848 1919 919 suum
1946 847 2026 939 cui-

276 990 348 1061 que
384 971 614 1038 Francorum
648 967 876 1039 beneficium
910 969 1132 1042 vindicaret
1191 967 1266 1071 ‘Sin
1302 991 1392 1037 vero
1431 967 1558 1037 Fiscus
1594 982 1720 1035 totum
1754 967 1853 1036 illud
1880 966 2027 1035 bouum

194 1085 201 1093 '
255 1084 500 1170 commune,
528 1087 785 1180 quodcunque
811 1087 1028 1160 coniunctis
1056 1087 1214 1183 quidem
1236 1083 1386 1159 uiribus
1414 1080 1729 1183 expugnarisl'ent
1748 1083 1893 1168 Franci,
1917 1081 2028 1178 signi·

266 1201 414 1289 ,sicarit,
449 1200 496 1274 de
532 1227 609 1298 quo
644 1200 752 1275 sicuti
787 1229 939 1291 omnes,
970 1206 1024 1277 ita
1051 1230 1203 1302 quoque
1230 1230 1297 1278 rex
1321 1204 1399 1301 ipse
1426 1203 1532 1277 suam
1558 1201 1743 1299 acceperit
1767 1218 1926 1299 partem,
1954 1197 2028 1272 sire

274 1320 415 1419 regale,
442 1318 517 1394 sive
536 1306 765 1394 beneficium
791 1323 910 1397 suerit
934 1324 1144 1410 nominata,
1168 1323 1255 1405 *sieri
1280 1348 1363 1395 non
1390 1320 1582 1419 potuisset,
1612 1321 1708 1416 quin
1734 1296 1863 1392 Maior
1890 1304 2035 1391 domus*

273 1437 364 1511 iude
391 1439 437 1510 ab
464 1435 553 1536 ipsis
579 1439 657 1513 fere
683 1441 791 1539 regni
817 1447 1049 1516 Francorum
1074 1441 1295 1539 primordiis
1324 1443 1512 1514 summam
1531 1458 1568 1512 et
1593 1439 1816 1536 primariam
1842 1434 2027 1535 quodam·

272 1557 390 1631 ruodo
417 1557 630 1630 obtinuerit
654 1555 883 1656 potestatem.
944 1566 1045 1632 Nam
1067 1556 1311 1634 'Francorum
1347 1559 1480 1633 civitas
1507 1585 1587 1631 non
1615 1557 1731 1630 modo
1759 1557 1801 1628 in
1827 1552 2023 1628 beneficiis

274 1693 457 1772 tauquam
482 1674 735 1772 fundamento
762 1676 879 1771 posita
906 1675 1036 1766 fuisse,
1071 1704 1206 1751 verum
1233 1678 1348 1750 etiam
1375 1702 1468 1777 gens
1495 1683 1728 1748 Francorum
1755 1675 1844 1744 inde
1872 1675 2028 1745 demum

272 1793 436 1866 omnino
471 1789 555 1869 iura
588 1811 627 1864 et
661 1791 775 1888 quasa·
800 1796 1063 1866 auctoritatem
1099 1797 1264 1867 civitatis
1303 1794 1405 1866 inter
1431 1811 1570 1867 ceteras
1599 1810 1729 1893 gentes
1757 1786 1961 1862 obtinuisse
1990 1807 2025 1859 et

198 1956 202 1961 -
273 1928 414 1980 ceruam
439 1907 573 1982 sensim
599 1909 805 2006 sensiurque
831 1909 901 1984 sibi
927 1910 1153 2009 comparasse
1179 1910 1331 1986 videtur
1357 1911 1536 2001 sormam,
1562 1939 1609 1984 ex
1636 1934 1712 2007 quo
1735 1925 1921 2005 occupata
1947 1908 2023 1981 iam
2096 1976 2099 1981 .

271 2026 528 2101 finitimarum
554 2027 757 2128 regionum
782 2027 944 2127 quadam
972 2049 1077 2128 parte
1105 2031 1189 2106 aliis
1216 2030 1396 2132 gentibus
1425 2030 1498 2105 sese
1526 2055 1720 2128 opponere
1757 2024 1859 2125 quasi
1898 2043 2025 2098 coacta

270 2166 363 2222 erat.
417 2149 494 2239 (Ne
521 2146 616 2244 quid
642 2147 836 2222 obscurius
864 2147 993 2222 dixisse
1020 2149 1168 2240 videar,
1206 2177 1301 2250 quae
1326 2176 1423 2237 non,
1451 2150 1524 2225 nisi
1558 2151 1764 2223 verborum
1799 2145 2022 2245 ambagibus

267 2265 391 2361 ¹latine
408 2265 618 2363 exprimere
637 2267 813 2364 equidem
831 2269 961 2354 calleo,
990 2271 1203 2367 germanice
1223 2295 1413 2367 apponere
1438 2270 1572 2342 liceat:
1610 2267 1728 2341 dieresi
1756 2268 1817 2338 die
1841 2262 2021 2365 goriach-

267 2400 336 2459 terr
373 2384 644 2484 Etoberurrgeu
684 2397 808 2456 craten
848 2387 907 2456 die
944 2384 1117 2457 lborrlseu
1153 2387 1371 2486 uberhaupt
1407 2381 1481 2483 erst
1509 2392 1546 2460 iu
1587 2392 1644 2459 ein
1673 2377 2023 2482 fiuotsrecsrtlicsres

276 2497 516 2603 Versiiistuiss
544 2529 590 2572 zu
617 2502 758 2572 andern
792 2500 958 2573 Vcislrern
987 2503 1064 2572 und
1090 2508 1271 2588 Stactari,
1313 2498 1474 2605 irrrrssteu
1490 2497 1571 2602 fieb
1601 2497 1741 2605 dic[crn
1778 2495 1928 2601 gerusiss
1968 2499 2024 2567 als

272 2627 389 2694 Stant
415 2616 633 2704 orssbilden,
663 2618 740 2689 urrd
767 2615 945 2691 bekarrrerr
964 2613 1012 2722 so
1040 2623 1121 2692 eine
1146 2613 1373 2722 positiscsre,
1402 2622 1479 2691 und
1503 2628 1680 2721 reruu'ige
1707 2613 1826 2721 dieser
1851 2620 1933 2688 eine
1957 2640 2023 2725 ge·

265 2734 509 2843 schiehtlicsre
543 2733 828 2837 Wicbtigsreit.)
881 2739 920 2809 si
949 2738 1067 2836 igitur
1092 2739 1222 2810 Maior
1250 2740 1387 2812 domus
1415 2738 1506 2811 iude
1533 2738 1578 2810 ab
1616 2737 1757 2824 initio,
1796 2759 1916 2833 quum
1949 2734 2025 2830 pri·

269 2855 525 2935 mumFranci
550 2843 718 2955 regionis
747 2852 830 2928 suae
857 2852 950 2928 fines
977 2855 1295 2956 propagavissent‚
1323 2866 1441 2930 tetrae
1469 2864 1675 2954 occupatae
1699 2853 1913 2952 praefectus
1934 2878 2024 2925 con·

266 2974 422 3057 stitutus
447 2973 575 3061 fuerit,
603 2998 698 3071 quae
725 2974 877 3047 tandem
904 2975 985 3073 regi
1012 2973 1091 3070 ipsi,
1120 3001 1197 3072 quo
1224 2974 1318 3048 dirce
1346 2995 1562 3076 expugnata
1590 2975 1713 3047 suerat
1740 2991 1848 3059 terra,
1879 2996 2024 3045 reman-

270 3096 362 3171 serit
386 3088 565 3192 potestas,
601 3117 695 3189 quae
730 3093 884 3165 tandem
917 3094 1154 3169 auctoritas?
1217 3088 1359 3168 Nonne
1386 3120 1451 3166 rex
1476 3084 1581 3190 ipse,
1611 3092 1878 3189 quippe-Fisci
1907 3086 2023 3187 parti·

268 3241 377 3311 ceps,
413 3211 596 3287 Praesecti
631 3210 738 3284 Fisco
774 3211 931 3285 arbitrio
967 3214 1253 3309 quodammodo
1290 3214 1483 3286 obnoxius
1523 3208 1631 3284 fuisse
1666 3207 1872 3285 videatur?
1893 3215 2022 3279 --Tota

253 3334 352 3406 -eius
378 3329 537 3428 potestas
564 3331 610 3404 ad
636 3331 736 3402 nihil
761 3328 840 3404 sere
867 3331 1111 3428 spectaverit,
1157 3332 1230 3407 nisi
1257 3330 1387 3405 adres
1423 3332 1601 3417 bellicas,
1647 3331 1694 3402 ad
1721 3330 1929 3403 exercitum
1956 3325 2022 3402 du-

267 3444 437 3527 cendum
463 3467 502 3524 et
527 3473 585 3523 res
612 3466 811 3534 externasr
840 3470 972 3523 contra
1000 3477 1090 3524 vero
1119 3450 1181 3538 id,
1222 3451 1328 3548 quod
1354 3456 1588 3523 Francorum
1613 3451 1672 3523 vis
1700 3467 1738 3522 et
1764 3449 1902 3534 robur,
1942 3448 2022 3547 glo·

168 3558 188 3573 ⁸
268 3572 345 3645 riae
379 3568 549 3665 ipsorum
585 3565 686 3665 quasi
713 3567 949 3665 principium
977 3588 1076 3659 erat,
1100 3569 1211 3643 semel
1239 3588 1421 3666 occupata
1449 3588 1557 3656 terra,
1586 3569 1671 3653 alii,
1699 3568 1843 3640 Maiori
1871 3567 2021 3650 domus,

238 3682 654 3766 .commiss'umsuerit
708 3684 834 3761 Rebus
860 3686 908 3760 src
936 3689 972 3761 se
997 3688 1239 3775 habentibus,
1258 3689 1387 3763 Maior
1408 3689 1557 3774 domus,
1585 3684 1728 3761 etiamsi
1755 3711 1838 3758 non
1867 3686 1919 3757 ita
1947 3705 2025 3755 tur·
2088 3776 2098 3789 κ

222 3890 228 3899 ,
270 3806 426 3881 bulento
447 3804 595 3881 fuerint
620 3820 804 3900 tempora,
832 3822 959 3878 tamen
985 3832 1069 3878 non
1096 3805 1275 3902 potuisset
1301 3828 1383 3881 non
1411 3809 1458 3880 ad
1484 3785 1679 3881 sumntum
1704 3805 1902 3904 pertenire
1919 3803 2022 3898 prin·

271 3924 465 4019 cipetum,
491 3922 636 4023 quippe
661 3947 751 3995 cuns
776 3922 823 3996 ab
850 3924 932 4018 ipso
960 3922 1076 3998 initio
1103 3925 1205 3999 haud
1230 3927 1433 4023 minimam
1459 3928 1597 4025 regalis
1625 3920 1816 4023 potcstatis
1845 3921 2021 3995 obtinue-

271 4041 324 4114 rit
349 4059 505 4137 partem
559 4042 743 4141 Quamvis
771 4041 890 4142 igitur
915 4043 1084 4116 Ludenii
1117 4041 1302 4118 sententia
1331 4046 1460 4142 suapte
1488 4045 1645 4142 quidem
1670 4043 1714 4115 vi
1741 4043 1793 4113 ita
1820 4038 1916 4113 mihi
1943 4041 2022 4135 pla·

266 4160 352 4234 cuit
377 4176 416 4232 et
440 4184 557 4265 porro
583 4161 768 4259 placebit,
807 4179 850 4235 ut
875 4187 958 4235 eam
984 4163 1137 4259 prorsus
1164 4181 1201 4236 et
1227 4164 1274 4236 ab
1302 4164 1484 4238 omuibus
1511 4161 1713 4260 probatam
1737 4159 1874 4246 velim,
1919 4182 2021 4232 nou·

269 4280 377 4355 nulla
404 4294 531 4352 tamen
558 4279 669 4366 sunt,
705 4304 801 4375 quae
826 4281 963 4355 merito
991 4298 1124 4355 contra
1151 4305 1233 4354 eam
1261 4281 1412 4355 moneri
1439 4278 1599 4378 possuit,
1627 4277 1732 4378 quod
1758 4303 1805 4352 ex
1830 4278 1899 4362 iis,
1929 4258 2022 4377 quae

268 4401 452 4474 haetenus
478 4396 771 4494 disputavimus,
798 4398 885 4473 satis
908 4401 980 4473 erit
1005 4398 1260 4496 perspicuum.
1313 4403 1492 4473 Attauren
1519 4401 1633 4497 plane
1659 4423 1742 4473 eaor
1768 4397 1925 4472 reiicere
1952 4420 2021 4469 nec

269 4541 342 4619 ego
368 4515 507 4606 rufius,
533 4516 750 4591 peculium
775 4513 877 4615 posse
902 4517 1139 4618 putaverim,
1167 4516 1284 4617 idque
1308 4536 1528 4618 propterea,
1556 4517 1674 4620 quod,
1700 4514 1765 4594 etsi
1791 4517 2020 4623 scriptorum
