4590 5364
991 356 1353 434 ..,9..

166 539 172 552 ‘
286 552 374 622 dere
399 545 533 626 lineat,
559 541 666 643 quod
690 540 890 638 scriptores
915 487 1229 615 Ministerialium
1252 492 1429 618 veterum
1452 546 1732 622 Germanorum
1761 551 1924 656 nomina
1960 552 2040 628 sere

283 665 434 762 semper
459 662 539 761 ipsa
565 661 780 764 germanica
805 660 941 759 lingua
966 663 1219 734 retinuerunt.
1275 666 1359 760 Qua
1389 652 1555 762 propter
1589 667 1715 739 multo
1748 671 1872 768 magis
1897 672 2039 745 miran-
2053 712 2055 717 ¹

285 785 381 858 dum
407 782 514 871 esset,
549 780 643 854 stre
680 805 769 855 vera
795 778 839 850 in
865 784 1098 853 Francorum
1123 778 1280 854 civitate
1322 784 1534 856 Morddom
1559 783 1626 857 ille
1653 783 1778 858 suerit
1796 786 2036 878 constitutus,
2071 796 2076 812 '

200 908 205 917 '
286 904 468 976 omnium
494 896 804 972 Ministerialium
833 899 949 972 huius
975 898 1093 971 solius
1118 922 1264 971 nomen
1289 896 1347 971 ito
1370 917 1512 974 temere
1537 920 1576 974 et
1600 901 1874 978 inconfiderate
1909 907 2039 1004 depra-

285 1018 385 1093 vasse
410 1037 523 1114 atque
549 1015 754 1114 corrupisse
781 1016 990 1112 scriptores
1042 1021 1100 1088 Ita
1127 1016 1233 1090 enim
1258 1017 1482 1092 invenimus
1501 1020 1647 1117 saepius
1673 1022 1996 1119 Mariscalcum,
1984 1045 2037 1099 111

283 1138 566 1222 senescalcum,
599 1136 654 1207 111
689 1132 907 1220 Grafiones,
944 1135 1237 1223 Sachibarones,
1275 1136 1602 1237 Raohinburgioe,
1628 1139 1695 1212 ita
1723 1143 1948 1240 Tunginos‚
1984 1145 2039 1216 ita

282 1257 427 1328 multos
454 1253 572 1338 alios;
608 1253 720 1325 solus
738 1250 949 1326 Morddom
987 1278 1008 1326 a
1050 1254 1207 1326 nemine
1245 1279 1419 1353 unquam
1455 1257 1693 1332 nominatur.
1759 1258 2038 1356 seponamus,

282 1370 393 1445 fuisse
419 1369 610 1445 eiusmodi
635 1366 965 1444 ministerialem
953 1398 996 1444 rn
1030 1376 1264 1445 Francorum
1299 1373 1474 1461 civitate,
1503 1373 1729 1465 esttamen,
1757 1379 1863 1497 quod
1889 1403 2040 1476 quaera·

282 1512 395 1576 mus,
424 1492 492 1587 qui
517 1466 755 1575 factumst,
782 1505 827 1561 11
851 1491 1012 1563 verbum
1036 1492 1248 1565 Morddom
1274 1494 1540 1576 Romanorum
1566 1495 1721 1567 auribus
1746 1490 1930 1592 tanquam
1956 1502 2040 1572 Ma·
2055 1510 2067 1521 ’·

281 1608 483 1683 iordomus
520 1607 703 1682 sonuerit.
765 1613 875 1679 Inter
911 1623 1111 1705 utramque
1144 1633 1283 1682 vocem
1315 1611 1402 1682 sane
1423 1607 1549 1682 simile
1576 1610 1769 1705 quoddam
1795 1631 1909 1710 atque
1936 1613 2040 1712 quali
2136 1596 2148 1610 ’

282 1751 500 1826 congruum
534 1725 651 1798 facile
694 1724 830 1808 audiri,
861 1746 933 1795 nec
968 1749 1040 1822 ego
1074 1727 1309 1822 negaverim.
1372 1727 1553 1798 Attamen
1580 1751 1669 1797 cum
1694 1728 1920 1825 plerumque
1946 1757 2039 1830 gens

282 1846 468 1941 quaedam
493 1845 537 1915 in
562 1841 851 1938 peregrinarum
877 1860 1019 1911 vocum
1046 1837 1143 1912 sono
1170 1840 1373 1927 imitando,
1400 1864 1531 1932 earum
1551 1841 1692 1936 scilicet
1716 1844 1802 1916 vim
1827 1863 1942 1942 atque
1967 1872 2039 1921 no·

192 1996 199 2013 ·
280 1962 432 2035 tionem
456 1982 577 2056 paene
602 1959 802 2056 ignorans,
830 1956 961 2058 potius
988 1957 1172 2054 corripiat
1197 1974 1310 2054 atque
1337 1959 1547 2038 contrahat,
1580 1983 1694 2058 quem
1719 1960 1905 2057 producat
1926 1981 2040 2062 atque
2076 2050 2081 2057 ⁴

281 2078 462 2164 extendat
495 2076 631 2162 verba,
665 2065 742 2149 ”vix
776 2074 1020 2156 crediderim,
1055 2077 1253 2150 Romanos
1287 2076 1463 2151 sonitum
1496 2094 1651 2151 tantum
1684 2080 1794 2153 verbi
1828 2081 2041 2157 Morddom

281 2198 489 2285 imitantes,
516 2196 558 2270 id
583 2193 638 2266 ita
664 2190 895 2290 produxisse,
923 2211 968 2266 ut
992 2195 1144 2292 integra
1171 2216 1292 2291 paene
1317 2196 1459 2289 syllaba
1485 2196 1623 2268 inserta
1651 2196 1923 2272 Maiordomus
1949 2224 2040 2295 pro-

279 2317 512 2420 nuntiarint.
551 2319 683 2409 Itaque
708 2312 809 2384 haud
836 2312 927 2397 scio,
950 2302 1009 2386 an⁸
1028 2314 1160 2408 potius
1186 2337 1208 2384 e
1233 2313 1361 2386 verbis
1387 2314 1523 2388 Maior¹
1544 2316 1682 2389 domus
1707 2342 1775 2413 per
1801 2318 1886 2390 soni
1911 2318 2039 2391 imita·

278 2435 430 2507 tionem
463 2432 674 2504 Morddom
710 2428 804 2501 oriri
829 2431 1020 2521 potuerit,
1062 2453 1176 2521 quam
1203 2453 1250 2498 ex
1275 2431 1349 2500 hoc
1375 2430 1473 2500 illud
1497 2431 1660 2504 Maioris
1699 2432 1839 2507 domus
1876 2459 2035 2510 nomen.

280 2557 424 2624 Nonne
449 2547 568 2618 medii
594 2545 680 2616 aevi
705 2543 905 2638 scriptores
931 2543 1195 2642 germanicum
1220 2567 1366 2615 nomen
1384 2545 1499 2618 huius
1516 2543 1771 2620 ministerialis
1788 2551 1905 2644 plane
1922 2553 2038 2624 omit·

280 2683 405 2740 tentes
431 2666 513 2738 eius
538 2663 745 2735 notionem
771 2678 884 2758 atque
908 2684 1054 2733 munus
1079 2660 1213 2762 latinis
1239 2660 1365 2734 verbis
1393 2662 1604 2760 exprimere
1619 2665 1900 2760 praetulerinti
1915 2661 1967 2759 ¹⁰)
1984 2703 2039 2726 -
2153 2662 2160 2669 ’

280 2791 374 2858 Non
401 2785 605 2879 scriptores
632 2780 747 2854 semel
773 2797 873 2852 certe
899 2779 1189 2867 adnotaverint,
1227 2784 1437 2853 Germanos
1475 2781 1519 2855 in
1556 2782 1729 2878 ipsorum
1762 2783 1897 2884 lingua
1932 2784 2037 2860 latmo

281 2901 475 3000 summum
500 2901 669 2976 iudicem
683 2896 896 2972 Morddom
920 2897 1123 2970 nominare
1148 2892 1361 2989 solere¹¹)t
1386 2933 1439 2954 -·

1101 3109 1137 3199 s·
1180 3126 1215 3195 s·

280 3291 284 3300 ·
382 3263 580 3336 Accedunt
603 3283 696 3334 vero
715 3259 790 3332 1111
811 3275 1052 3358 argumenta,
1078 3258 1218 3355 quibus
1244 3259 1335 3331 haec
1354 3258 1540 3331 sententie
1563 3259 1686 3358 magis
1715 3259 1830 3333 etiam
1850 3257 2037 3335 infirmari

278 3377 382 3477 posse
416 3380 577 3452 videtur.
638 3381 693 3451 Ac
730 3380 900 3474 primum
926 3376 1082 3476 quidem
1116 3377 1180 3448 1111
1207 3378 1436 3463 Morddom,
1476 3402 1591 3475 quem
1626 3375 1819 3450 summum
1844 3378 1887 3450 in
1914 3401 2036 3477 regno
2094 3371 2097 3375 ⁵

280 3498 448 3572 iudicem
476 3515 587 3591 putat
613 3496 878 3583 Sismondius,
906 3515 1054 3592 praeter
1078 3495 1242 3568 Maioris
1269 3493 1406 3567 domus
1432 3519 1602 3583 nomen,
1638 3519 1659 3571 1
1687 3493 1934 3590 scriptoribus
1962 3497 2036 3569 alia

284 3641 440 3714 quoque
467 3615 569 3685 haud
595 3640 680 3686 raro
707 3616 933 3686 tribuuntur
958 3614 1140 3697 nomina,
1170 3636 1336 3709 quorum
1362 3637 1438 3707 quo
1465 3614 1586 3712 magis
1613 3629 1651 3686 et
1677 3613 1886 3685 accuratius
1914 3614 2042 3712 quod-3

282 3759 358 3830 que
383 3756 513 3807 veram
540 3747 579 3802 et
604 3733 769 3825 primam
795 3733 910 3804 huius
937 3728 1193 3804 ministerialis
1220 3730 1391 3802 indicare
1413 3731 1568 3803 videtur
1593 3730 1878 3817 conditionem,
1906 3754 1951 3803 eo
1978 3727 2035 3805 sa·

191 3881 193 3885 >
281 3852 397 3923 cilius
423 3869 463 3922 et
489 3849 627 3923 elarius
653 3848 931 3949 intelligimus.
966 3850 1157 3920 Maiorem
1191 3847 1329 3921 domus
1355 3873 1438 3921 non
1463 3868 1544 3922 tam
1569 3848 1709 3921 summi
1735 3849 1873 3956 iudicis
1905 3846 2033 3944 digni·

279 3984 361 4039 tate
386 3984 424 4039 et
448 3964 628 4064 potestate
652 3963 764 4040 fuiffe
791 3983 994 4051 ornatum,
1023 3989 1141 4063 quam
1165 3966 1296 4062 potius
1322 3966 1405 4039 eius
1432 3964 1553 4040 officia
1581 3986 1620 4040 et
1644 3968 1693 4040 ad
1718 3984 1845 4038 totum
1870 3980 2053 4062 regnum·

280 4081 641 4174 administrandum,
689 4104 729 4159 et
762 4088 810 4160 ad
845 4085 992 4184 regiam
1025 4085 1154 4156 1111111
1190 4085 1392 4181 praecipue
1429 4082 1613 4180 spectasse.
1666 4085 1739 4158 Sed
1764 4105 1860 4178 quae
1884 4077 2037 4155 suerint
2160 4174 2168 4186 ι

188 4220 198 4232 ’
262 4201 1605 4304 1111111111,11111111111111111311111111111111111111111111.
1658 4203 2032 4296 (ParsLCap.111.

279 4331 303 4418 5
339 4324 397 4416 4.)
460 4321 624 4394 Deinde·
644 4349 735 4396 vero
772 4341 854 4395 tota
881 4313 2035 4408 8111111111(11Μ1111111111111111111111Ἲ1111111111-

280 4461 384 4516 certo
419 4439 521 4512 haud
559 4440 681 4537 magis
708 4440 803 4512 certi
841 4456 880 4510 et
915 4436 1104 4513 incidenti
1142 4437 1308 4509 auctoris
1335 4435 1555 4510 testimonio
1568 4431 1615 4529 ²).
1668 4435 1900 4533 Quicunque
1926 4437 2032 4509 enim

281 4555 389 4641 istius
413 4555 591 4637 historiae
617 4560 856 4633 sranoomm
891 4554 1124 4653 epitomatae
1160 4571 1296 4629 auctor
1333 4549 1472 4643 suerit,
1508 4556 1616 4630 111111
1641 4578 1761 4653 paene
1786 4553 1880 4630 fidet
1905 4554 1942 4627 ei
1967 4555 2032 4625 lta·

1696 4670 1773 4765 c'o
