4590 5364
954 301 1155 448 ..‚,·,
1261 380 1314 405 ..

377 384 441 468 ‘t

259 561 518 662 cupiditatem
536 557 727 635 excitabat
752 573 791 633 et
818 558 981 634 acriores
1008 555 1146 654 cuique
1173 556 1458 655 quodammodo
1485 556 1712 634 admovebat
1737 559 1932 656 stimulos,
1961 598 2005 646 eo
2067 614 2074 625 -

257 680 534 777 frequentiores
573 677 722 752 sane'et
747 677 984 750 lubentiores
1011 699 1163 774 quoque
1199 676 1335 748 Franci
1361 675 1408 746 ad
1434 662 1530 750 illas,
1559 681 1765 754 conciones
1803 693 2006 767 convenie-

256 799 364 884 bant,
393 817 430 869 et
455 823 560 876 nunc
585 822 681 881 non,
708 814 753 867 ut
779 793 1005 891 antiquitus,
1032 819 1104 891 pro
1133 819 1195 865 ara
1221 810 1381 864 tantum
1401 811 1440 864 et
1464 782 1679 890 penatibus,
1709 819 1753 870 ut
1779 801 1832 873 ita
1868 802 2003 895 (litam,

192 980 198 986 .
257 916 493 1015 pugnabant,
521 913 582 986 sed
607 913 707 986 lucri
734 912 841 986 eausa
861 915 1040 984 'aliarum
1077 913 1251 1010 gentium
1288 929 1405 985 terras
1444 911 1677 985 invadebant
1714 937 1751 987 et
1787 945 2004 1020 expugnaro

258 1033 503 1108 conabantur.
584 1039 827 1129 Quapropter
855 1029 966 1104 sicuti
991 1037 1226 1101 Francorum
1253 1029 1412 1125 quisque
1440 1030 1563 1101 sedem
1589 1031 1713 1119 suam,
1733 1036 1801 1106 i·ta
1830 1037 1907 1109 dux
1943 1044 2004 1114 vel

259 1174 326 1224 rex
352 1150 551 1224 civitatem
578 1151 787 1246 quotannis
814 1148 928 1244 idque
955 1149 1000 1220 ad
1025 1149 1181 1246 longius
1207 1147 1392 1242 temporis
1430 1147 1593 1242 spatium
1628 1151 1842 1268 relinquere
1882 1163 2003 1230 coacti
2089 1199 2095 1206 ·

258 1285 377 1343 erant.
432 1267 545 1403 Quod
571 1265 598 1338 fi
627 1267 712 1363 quis
739 1264 979 1352 concesserit,
1018 1283 1065 1354 et
1086 1263 1382 1337 concedendum
1420 1263 1507 1337 sane
1533 1262 1601 1352 est,
1641 1270 1762 1340 oritur
1797 1273 2002 1349 necessario
2040 1256 2043 1266 ¹

256 1381 443 1486 quaestio,
480 1387 565 1481 quis
592 1387 742 1457 absente
768 1384 924 1480 quidem
951 1383 1044 1457 duce
1081 1386 1142 1458 vel
1177 1408 1264 1482 rege
1300 1373 1490 1454 aerarium
1528 1384 1731 1479 publicum
1770 1391 2004 1468 administra·

258 1506 319 1586 rit,
348 1505 433 1602 quis
461 1504 560 1603 regis
586 1502 760 1576 locotus
787 1501 938 1588 dixerit,
967 1503 1052 1598 quis
1080 1499 1254 1574 ordinem
1281 1519 1318 1572 et
1344 1501 1585 1597 disciplinam
1612 1502 1789 1596 servarit,
1819 1511 1929 1606 quis,
1959 1535 2004 1586 ut

256 1623 375 1697 verbo
411 1619 556 1706 dicam,
597 1621 793 1693 civitatem
828 1617 1108 1694 administrarit.
1169 1619 1304 1690 Talem
1339 1617 1528 1713 quendam
1572 1645 1655 1691 non
1692 1627 1809 1696 modo
1845 1631 2003 1726 cenitari

257 1736 383 1835 poffc,
412 1739 473 1811 sed
500 1741 615 1811 etiam
637 1738 793 1831 prorsus
835 1734 1079 1809 necessarium
1105 1732 1225 1819 fuisse,
1253 1759 1369 1807 nemo
1398 1753 1496 1805 certe
1524 1731 1591 1819 est,
1620 1736 1685 1832 qui
1714 1739 1755 1810 in
1784 1762 2003 1818 controver-

256 1856 350 1932 fiam
376 1854 548 1950 unquam
574 1847 709 1926 vocare
736 1851 860 1947 queat.
913 1856 1057 1925 Rertnn
1082 1852 1189 1924 enim
1213 1867 1350 1924 natura
1376 1849 1500 1937 docet,
1526 1850 1716 1926 necessitas
1741 1856 1849 1930 iubet
1875 1863 2003 1937 buius·

258 1973 365 2048 modi
390 1970 492 2069 rogis
517 1966 636 2066 quast
642 1969 829 2041 vicarium
856 1966 1086 2044 substituere.
1125 1974 1207 2042 Hac
1233 1968 1320 2041 sane
1345 1940 1554 2041 necestitate
1593 1973 1716 2043 coacti
1742 1975 1784 2045 in
1812 1975 1898 2072 ipsrs
1926 1979 2005 2056 fere

218 2171 222 2175 ,
258 2090 369 2190 regni
396 2086 619 2186 primordiis
646 2086 812 2159 Romani
847 2088 1084 2163 Praefectum
1110 2087 1199 2160 rubi
1225 2071 1441 2158 absentibus
1468 2086 1623 2185 regibus
1650 2108 1688 2160 et
1715 2092 1851 2166 deinde
1883 2102 2013 2198 magi·'

151 2252 154 2257 ,
257 2207 432 2286 stratibus
459 2201 768 2278 constituendum
793 2206 990 2300 putabant
1007 2202 1039 2296 ¹)
1092 2204 1226 2315 Itaque
1253 2229 1337 2277 non
1362 2205 1480 2276 nimis
1508 2204 1685 2281 audaciae
1711 2215 1889 2310 progredi
1909 2220 2005 2290 mihi

257 2327 397 2413 videar,
425 2321 452 2395 si
478 2322 669 2396 Maiorem
696 2321 832 2396 domus
860 2325 905 2395 ab
932 2325 1048 2397 initio
1075 2349 1164 2397 eum
1198 2316 1309 2394 fuisse
1342 2323 1577 2417 putaverim,
1606 2329 1689 2422 qui
1729 2331 1880 2403 absente
1917 2360 2006 2410 cum

137 2462 141 2483 ‘
258 2446 445 2521 comitatu
470 2467 556 2538 rege
583 2440 778 2511 civitatem
807 2430 1349 2523 Francorum'administrarit,
1377 2439 1430 2510 ita
1458 2441 1625 2536 quidem,
1655 2461 1699 2512 Ut
1726 2450 1878 2533 Omnia,
1909 2479 2006 2547 quae

240 2565 308 2638 ad
332 2583 479 2659 regem,
533 2555 677 2652 quippe
713 2555 880 2644 civitatis
906 2556 1163 2654 praefectum,
1196 2582 1281 2632 non
1309 2555 1512 2630 comitatus
1540 2555 1695 2640 du‘cem,
1731 2565 2003 2659 pertinuerint,

260 2683 346 2778 ipso
362 2676 524 2751 ‘absente
549 2672 695 2746 Maiori
721 2671 859 2750 domus
886 2673 1080 2750 commissa
1106 2671 1215 2748 fuisse
1240 2673 1454 2748 videantur.
1506 2676 1628 2748 Sicuti
1653 2703 1755 2751 vero*
1782 2668 2025 2760 huiusmodi*

259 2799 360 2899 regis
388 2791 490 2893 quali
516 2792 659 2866 vicario
685 2792 839 2869 Francis
866 2819 963 2891 opus
990 2792 1099 2868 fuisse
1126 2794 1284 2890 quisque
1311 2793 1505 2878 concedet,
1533 2794 1590 2867 ita
1614 2821 1766 2892 quoque
1794 2825 1909 2874 nemo
1937 2805 2005 2876 hu·

204 2971 207 2975 -
258 2921 318 2991 ius
344 2916 400 2990 rei
426 2913 513 2988 satis
541 2910 688 3007 peritus
714 2910 881 3009 negabit,
909 2914 1063 2985 nullum
1089 2912 1191 3007 apud
1219 2909 1419 3007 scriptores
1447 2935 1493 2982 ex
1522 2912 1596 2983 hoc
1632 2938 1768 3012 genere
1805 2920 2006 2994 nominari

257 3010 559 3111 Ministerialam.
613 3029 654 3101 Si
680 3047 807 3101 autem
834 3028 980 3126 aliquid
1012 3030 1095 3106 veri
1120 3025 1313 3128 innostra
1340 3028 1496 3126 quidem
1521 3029 1711 3103 sententia
1738 3033 1846 3121 infit,
1876 3040 2006 3111 Maior

258 3155 397 3233 domus
423 3150 469 3221 ab
496 3146 613 3235 initio
639 3147 755 3242 plane
781 3149 931 3220 nullam
956 3173 1046 3221 cum
1073 3146 1241 3220 exercitu
1267 3164 1306 3219 et
1339 3146 1451 3218 rebus
1487 3146 1636 3220 bellicis
1671 3154 1904 3238 Francorum
1941 3157 2004 3228 ha.

257 3270 372 3345 bebat
396 3293 498 3351 rem3
526 3283 759 3362 quapropter
784 3288 856 3337 nec
882 3266 1083 3353 Menzelii,
1106 3272 1150 3341 V.
1179 3271 1232 3351 0.,
1259 3263 1306 3336 de
1331 3265 1454 3360 prima
1481 3263 1596 3335 huius
1623 3267 1887 3345 Ministerialis
1909 3298 2003 3347 con·

259 3368 406 3463 didone
432 3384 660 3458 sententiam
686 3383 801 3479 plane
827 3385 1170 3478 comprobaverim,
1199 3384 1341 3478 quippe
1355 3382 1435 3478 'qui
1467 3382 1660 3455 Maiorem
1694 3385 1831 3481 domus
1868 3394 2004 3487 primis

258 3504 371 3606 regui
397 3508 632 3575 Francorum
655 3500 894 3595 temporibus
919 3500 1144 3598 proximum
1170 3496 1253 3597 post
1287 3524 1415 3598 regem
1447 3501 1631 3572 exercitui
1664 3504 1900 3598 praesectum
1935 3535 2005 3606 pu·
2108 3542 2116 3559 ·

258 3623 406 3701 taaerit.
424 3615 458 3712 ²)
487 3618 568 3705 Sed,
580 3637 625 3689 ut
635 3616 809 3714 equidem
825 3617 960 3705 sentio,
975 3620 1163 3715 eopotius
1178 3615 1338 3693 consilio
1350 3618 1539 3690 Maiorem
1551 3620 1689 3692 domus
1699 3621 2005 3699 constituendum

262 3720 462 3829 censebant
470 3737 620 3843 Franci,
643 3754 687 3808 ut
706 3735 801 3811 ordo
821 3754 859 3808 et
879 3737 1081 3833 disciplina
1102 3762 1189 3838 rege
1207 3753 1245 3811 et
1262 3735 1450 3809 comitatu
1470 3735 1686 3812 absentibus
1709 3741 1928 3816 servaretur.
1956 3784 2004 3804 -

1077 3875 1114 3964 §.
1146 3896 1204 3948 ιι.

362 4013 596 4111 Argumenta
630 4025 762 4082 tamen
796 4031 952 4095 eorum,
1005 4031 1101 4105 quae
1135 4006 1253 4079 modo
1287 4005 1492 4105 proposui,
1545 4004 1572 4081 fi
1608 4010 1694 4107 quis
1731 4008 2004 4103 defideraverit,

261 4130 393 4206 omnia
419 4128 637 4228 lingrrlatim
661 4129 802 4201 itemm
829 4126 1028 4199 enucleare
1053 4149 1136 4197 non
1164 4149 1261 4221 opus
1289 4126 1374 4211 erit,
1403 4127 1547 4235 quippe
1572 4151 1684 4214 eum,
1721 4155 1816 4226 quae
1842 4132 1920 4204 iam
1945 4133 2005 4206 su·

260 4247 469 4349 prolatius
496 4247 672 4340 exposui,
700 4244 896 4344 quomodo
923 4245 1014 4318 huic
1048 4239 1195 4316 nostrae
1233 4241 1444 4316 sententiae
1483 4245 1736 4333 conveniant,
1775 4250 1908 4346 paucis
1942 4252 2006 4325 de·

260 4362 466 4445 monstrare
492 4360 661 4434 sufficiet.
722 4368 773 4433 Et
797 4363 970 4456 primum
996 4358 1206 4457 quidemst
1240 4359 1404 4431 nomina
1441 4359 1557 4432 buius
1591 4360 1856 4462 Ministerialis
1890 4369 2006 4469 respi-

261 4487 382 4559 cimus
410 4485 465 4576 (§.
495 4501 529 4572 3.
556 4496 594 4552 et
619 4484 655 4571 §-
669 4480 741 4572 4·‚)
767 4479 924 4573 nullum
950 4502 1078 4552 unum
1099 4494 1195 4572 puto
1222 4473 1388 4571 proferri
1413 4472 1526 4572 posse,
1555 4479 1658 4576 quod
1675 4481 1773 4556 huic
1799 4480 2007 4561 sentcntiae
2037 4571 2040 4575 ,

261 4624 477 4702 repugnare
500 4598 687 4675 rideatur
740 4595 846 4695 Quin
861 4595 989 4673 etiam
1013 4595 1117 4668 harad
1141 4588 1338 4692 paueat
1372 4594 1535 4672 omnino
1570 4621 1618 4672 ex
1651 4580 1856 4678 serioribus
1891 4603 2006 4678 huius

858 4724 864 4735 '
1717 4726 1745 4792 F
