4590 5364
902 345 994 483 ...Ιἣ
1057 367 1106 438 77
1208 379 1262 400 .-

202 551 276 638 nis,
301 546 329 622 sr
354 572 437 621 non
464 543 645 636 defenfio,
673 546 868 622 excusatio
887 559 995 624 'certe
1020 566 1059 622 et
1084 548 1224 623 ultima
1251 546 1384 622 salutis
1412 550 1589 622 et‘unica
1619 548 1711 646 spec
1766 547 1835 625 Sin
1861 560 1962 625 vero

201 676 290 741 non'
311 666 365 738 ita
391 664 628 763 ortafuerit,
657 665 821 740 sonasse·
835 668 970 743 seriori
1003 685 1177 764 tempore
1204 673 1232 742 C
1256 667 1422 765 rolingis
1461 667 1682 741 auctoribus
1722 694 1767 742 eo
1801 671 1957 766 quidem

203 783 364 883 consilio
392 783 553 858 conficta
581 782 651 858 asle
677 766 865 875 videatur,
893 805 938 858 ut
964 787 1161 886 carolingi
1188 694 1361 883 ipporum
1386 787 1551 884 regalem
1575 783 1797 880 potestatem
1818 789 1860 860 in
1879 787 1953 861 hoc

201 920 325 1000 pacto,
355 904 459 978 avito
486 923 668 1000 tanquam
694 905 788 991 iure,
817 904 1012 978 conditam
1039 903 1108 978 elle
1135 904 1258 978 dicere
1292 900 1513 1002 potuissent.
1567 903 1745 974 Attamen
1780 907 1955 977 Carolin-

203 1024 262 1121 gis
289 1022 513 1123 huiusmodi
539 1022 623 1094 iure
651 1025 697 1094 ad
731 1020 994 1096 stabiliendam
1034 1025 1209 1120 ipsorum
1242 1010 1417 1121 regalem
1441 1016 1664 1118 potestatem
1701 1044 1799 1115 opus
1834 1020 1957 1110 fuisse,

95 1195 102 1203 .
201 1142 270 1213 vix
286 1140 532 1226 crediderim,
560 1165 644 1228 nee,
673 1137 700 1211 si
729 1167 825 1237 opus
852 1141 989 1228 fuerit,
1018 1144 1187 1239 multum
1212 1142 1389 1214 valuerit.
1442 1145 1543 1210 Nam
1569 1138 1684 1210 huius
1711 1140 1814 1235 pacti
1834 1163 1955 1211 recor·

204 1259 320 1338 datio,
349 1257 561 1330 Grimoaldi
589 1258 698 1331 srrtrul
726 1260 974 1333 insolentiam
1001 1278 1039 1332 et
1064 1261 1265 1333 interitum
1290 1285 1380 1331 non·
1399 1253 1577 1354 potuisset
1614 1283 1698 1329 non
1733 1257 1776 1328 in
1810 1281 1958 1330 memo·

105 1364 116 1377 ⁰
200 1371 297 1448 riam
323 1401 520 1463 revocare,
549 1377 623 1464 ita,
650 1380 801 1451 utnon
828 1377 1134 1450 reconciliaverit
1170 1377 1278 1476 genti
1314 1377 1566 1472 Pippiuianae
1603 1379 1837 1447 Francorum
1872 1374 1955 1445 ani·

200 1481 298 1582 rn'os,
327 1493 391 1567 sed
416 1495 549 1589 potius
576 1499 753 1569 averterit
780 1516 892 1593 atque
912 1496 1194 1569 abalienaverit.
1249 1497 1428 1568 Attamen
1455 1511 1537 1565 tota
1564 1491 1656 1564 haec
1682 1518 1740 1566 res
1766 1519 1849 1566 non
1876 1511 1956 1565 tam

199 1631 357 1711 propter
383 1614 619 1701 causas,crrr
644 1615 698 1686 ita
725 1616 845 1712 egerit
871 1615 1125 1700 Grimoaldne,
1155 1639 1270 1709 quam
1295 1631 1454 1709 propter
1486 1611 1802 1683 consecutionum
1830 1611 1954 1710 gravi·
1988 1643 1998 1664 ·

200 1721 318 1804 tatem
344 1731 505 1802 maximi
530 1731 685 1803 videtur
711 1728 780 1802 elle
806 1732 1009 1821 momenti.
1037 1727 1087 1823 ¹¹)
1149 1738 1250 1804 Nam
1277 1727 1489 1803 Grimoaldi
1523 1728 1743 1822 exemplum
1780 1754 1862 1799 eam
1901 1755 1956 1799 re·

96 1842 128 1923 .’
202 1849 268 1949 gni
297 1849 550 1942 cupiditatem
571 1849 786 1919 Maioribus
816 1849 953 1920 domus
981 1845 1153 1919 excitasse
1178 1848 1357 1933 videtur,
1385 1847 1457 1933 cui,
1474 1871 1521 1917 ex
1546 1844 1622 1914 hoc
1656 1843 1747 1915 inde
1782 1864 1955 1940 tempore
2041 1927 2052 1942 ,

201 1968 299 2039 alius
327 1966 437 2036 aliter
463 1963 674 2036 satisfacere
700 1962 881 2052 studebat,
908 1990 1032 2062 usque
1057 1966 1214 2037 tandem
1240 1966 1305 2038 illa
1335 1989 1423 2036 cum
1448 1961 1712 2035 moderatione
1732 1980 1845 2058 atque
1863 1987 1954 2058 pru·
2025 2044 2030 2054 „

135 2127 137 2131 v
202 2086 331 2158 dantia
359 2082 566 2155 coniuncta
594 2080 787 2157 fortitudo
813 2081 854 2156 id
881 2079 1149 2182 assequebatur,
1178 2066 1284 2182 quod
1310 2083 1464 2161 audacia
1481 2097 1530 2159 et
1549 2079 1846 2176 intemperantia
1866 2080 1956 2154 nul·

126 2288 131 2300 .
199 2205 240 2276 lo
265 2201 384 2277 modo
410 2198 547 2298 alioqui
575 2199 716 2298 potuit.
1264 2229 1268 2239 ·

1019 2397 1055 2486 §2
1097 2416 1132 2484 a·

303 2580 344 2654 si
369 2588 503 2652 verum
530 2573 590 2665 est,
618 2576 728 2661 nulla
755 2574 946 2651 medicina
974 2557 1193 2675 corruptam·
1228 2579 1342 2652 semel
1379 2582 1565 2656 virtutem·
1601 2576 1791 2680 reparari,
1830 2575 1955 2648 nullis·

200 2697 376 2776 remediis
404 2688 457 2768 eis
484 2695 596 2768 malis
623 2714 796 2791 unquam
822 2694 965 2768 mederi
978 2694 1104 2793 polle,
1133 2721 1250 2792 quae,
1289 2700 1442 2796 quoties
1477 2719 1661 2798 tanquam
1697 2700 1743 2808 in
1777 2695 1887 2770 venis
1915 2710 1951 2766 et

198 2816 379 2895 medullis
405 2814 639 2900 insederint,
667 2811 861 2901 nonsnis'r
889 2835 1139 2886 cumeorum
1173 2814 1355 2904 interitu,
1392 2819 1459 2914 qui
1495 2820 1574 2893 illis
1611 2818 1722 2891 malis
1762 2815 1950 2894 laborant,
2060 2894 2072 2915 ο

197 2937 310 3013 simul
337 2930 532 3021 desinunt,
568 2931 683 3003 huius
710 2930 766 3003 rei
801 2932 941 3004 veritas
975 2927 1131 3003 historia
1165 2935 1488 3034 Merovingonmr
1523 2938 1614 3013 inde
1653 2963 1675 3009 a
1711 2930 1951 3029 temporibus

197 3050 456 3154 Dagobertil
494 3049 542 3121 ad
576 3071 709 3121 eorum
743 3073 864 3146 usque
903 3050 1104 3121 interitum
1140 3050 1309 3147 maxime
1353 3057 1636 3153 comprobatur.
1709 3059 1952 3154 Quamquam
2041 3108 2048 3119 .

198 3175 303 3248 enim
330 3167 571 3268 Dagobertua
597 3193 719 3240 novas
745 3164 877 3240 salutis
906 3166 988 3264 spes
1016 3169 1257 3256 excitaverat,
1274 3167 1307 3262 ¹)
1337 3193 1569 3268 quamquam
1596 3171 1808 3270 Qrimoaldi
1835 3169 1954 3238 inter-

197 3295 275 3364 itus
284 3311 428 3362 novam
440 3286 684 3384 Merovingis
697 3285 961 3358 auctoritatem
974 3307 1183 3384 eorumque
1197 3315 1315 3388 regno
1326 3287 1546 3364 firmitatem
1560 3288 1786 3390 comparasse
1799 3285 1948 3360 videba-

198 3429 273 3496 tur,
296 3405 415 3478 nimis
428 3405 644 3478 tameniam
656 3421 845 3492 enervata,
864 3405 983 3477 nimis
997 3404 1193 3511 debilitata
1206 3425 1244 3478 et
1262 3407 1363 3505 quast
1382 3408 1546 3483 infracta
1559 3429 1637 3484 erat
1655 3405 1811 3508 pristina
1823 3399 1953 3497 Mer'o·

197 3529 410 3626 vingorum
422 3523 533 3594 viset
549 3523 678 3609 robur,
699 3548 812 3619 quam
826 3524 892 3618 qni
903 3547 949 3595 ex
960 3541 1065 3596 tanta
1074 3523 1261 3598 vitiorum
1282 3525 1391 3622 copia
1403 3528 1451 3601 ad
1469 3519 1661 3603 maiorum
1679 3529 1863 3600 virtutem
1880 3521 1955 3591 ite-·
1976 3581 1984 3587 ,

198 3668 286 3719 rum
303 3665 493 3737 emergere
506 3664 674 3734 unquam
688 3640 909 3737 potuissent.
938 3643 1043 3730 Inde,
1062 3662 1173 3746 puto,
1191 3641 1336 3717 factum
1363 3643 1424 3734 est,
1449 3666 1496 3719 ut
1522 3673 1657 3722 omnes
1684 3647 1761 3721 fere
1787 3663 1826 3716 et
1845 3663 1949 3713 coae-

198 3765 302 3835 tanei
340 3779 378 3833 at
404 3759 562 3831 seriores
587 3763 820 3830 Francorum
845 3757 1021 3859 historiae
1056 3762 1255 3858 scriptores
1292 3763 1429 3837 iudea
1457 3764 1667 3841 chlodovei
1694 3771 1731 3838 II
1766 3745 1977 3854 tempori·⁴

196 3877 628 3991 bhvaerovingorum
661 3875 758 3949 labia
795 3877 987 3975 originem
1021 3896 1059 3949 et
1094 3879 1196 3974 quasi
1234 3881 1473 3980 principium
1507 3877 1784 3973 deducant.²)-
1831 3875 1948 3969 quue

197 4014 320 4080 recte;
354 4020 446 4067 nam
470 3994 563 4068 licet
598 3994 728 4068 causae
763 3996 996 4092 principales
1033 3997 1358 4098 Merovingorum
1391 4002 1570 4077 interitus
1611 4021 1648 4075 et
1685 4024 1816 4073 eorum
1853 3991 1949 4063 labis

196 4115 360 4210 initium
386 4114 708 4219 haud-immerito
735 4113 814 4185 iam
840 4115 978 4188 indea
1011 4115 1239 4212 nepotibus,
1274 4119 1396 4194 immo
1424 4120 1514 4195 filiis
1549 4118 1777 4207 chlodovei,
1813 4131 1857 4184 ut
1893 4110 1949 4180 su·

199 4260 266 4333 pra
295 4229 560 4319 demonstravi,
586 4217 707 4329 repeti
734 4251 877 4331 queant
902 4234 966 4308 vel
991 4234 1172 4309 debeant:
1200 4254 1329 4310 tamen
1355 4238 1644 4311 concedendum
1669 4236 1756 4309 sane
1774 4229 1836 4318 est,
1858 4228 1947 4301 inde

197 4379 218 4428 a
256 4349 471 4426 chlodovei
489 4356 525 4420 11
552 4366 671 4420 aetate
706 4352 873 4427 maxime
900 4351 1127 4448 apparuisse,
1165 4371 1402 4450 quantopere
1437 4356 1761 4455 Merovingorum
1799 4374 1892 4451 gens
1929 4371 1949 4415 a

197 4488 321 4545 vetere
347 4467 492 4542 virtute
530 4456 748 4554 desciverit,
793 4455 909 4565 quam
944 4468 1099 4572 indigni
1128 4467 1258 4544 santii
1292 4476 1527 4548 Francorum
1562 4477 1770 4576 regimine,
1810 4469 1878 4568 qui
1914 4465 1949 4535 se

199 4576 303 4685 iploa‘
326 4610 408 4663 nec·
424 4606 665 4685 regemneo
688 4586 890 4662 continere
913 4586 1116 4697 poteraut·
1137 4590 1222 4665 ··br
1256 4602 1392 4666 eorum
1415 4591 1515 4668 facta
1534 4616 1709 4673 enarrare
1733 4589 1852 4676 vella,
1880 4580 1950 4680 quit
