4590 5364
977 263 1087 308 ··
1180 248 1240 346 aa·
1292 246 1294 249 ’
1332 286 1402 311 --

228 480 237 499 “
336 437 512 554 valuerit,
538 444 705 538 maxime
732 479 826 535 tunc
853 460 1044 558 apparuit,
1073 484 1161 534 cum
1171 456 1445 538 Aullraiiorum
1467 464 1596 560 animi
1619 468 1734 546 semel
1759 469 1807 546 ad
1827 465 2096 551 chlotharium

339 587 411 660 lese
439 603 661 689 convertere
688 583 929 699 inceperant.
996 581 1267 655 warnachario
1294 584 1401 655 enim
1427 604 1583 660 auctore
1610 589 1789 690 sigiberti
1815 610 1853 666 et
1878 596 2097 669 Brunichil·

273 788 282 814 x
340 707 398 779 dis
427 704 612 778 exercitus
640 700 753 801 fugae
780 701 816 773 se
829 692 1026 791 mandare
1053 699 1268 799 cogebatur,
1295 706 1572 780 warnachario
1600 727 1751 782 auctore
1770 703 1981 811 sigibertus
2008 736 2098 787 cum

340 823 519 898 fratribus
538 840 576 894 et
595 820 839 920 octogenaria
857 819 937 915 ipsa
955 818 1216 901 brunichildis
1236 821 1458 896 Chlothario
1475 825 1732 914 tradebantur,
1753 845 1790 900 et
1809 829 1977 904 maxime
1988 839 2098 906 war·

191 965 195 978 ·
251 965 256 989 ¹
339 942 518 1016 nachario
545 957 699 1011 auctore
723 955 853 1011 totum
878 941 1113 1012 Francorum
1139 963 1304 1041 regnum
1330 965 1412 1013 uno
1435 942 1664 1018 chlothario
1683 947 1893 1046 regendum
1917 944 2099 1024 commit-

255 1038 273 1058 *
339 1059 500 1133 teba'tur.
549 1056 657 1155 Quid
683 1058 825 1130 mirum
852 1055 997 1163 igitur,
1024 1057 1131 1156 quod
1156 1057 1472 1174 warnacharius,
1508 1063 1643 1136 sedatis
1672 1064 1839 1140 civitatis
1865 1065 2097 1164 tempestati·

234 1238 238 1254 ,
337 1181 429 1266 bus,
455 1178 634 1250 laborum
669 1173 771 1274 quali
795 1176 1030 1272 praemium,
1058 1175 1289 1251 sacramento
1325 1181 1452 1315 exegit
1475 1204 1496 1252 a
1523 1183 1768 1272 chlothario,
1813 1211 1888 1273 „ne
1921 1211 2097 1283 unquam

339 1299 441 1370 vitae
472 1276 559 1369 suae
586 1293 827 1393 temporibus
854 1278 1174 1402 degradaretur“i
1227 1296 1329 1396 Quid
1354 1297 1522 1386 mirum,
1550 1301 1658 1398 quod
1684 1305 1926 1378 chlotharius
1955 1306 2002 1392 ei,
2030 1303 2096 1378 eui

341 1415 473 1489 omnia
500 1414 684 1501 debebat,
720 1413 851 1488 omnia
886 1409 1091 1486 concedere
1123 1437 1209 1488 non
1251 1415 1478 1490 dubitabat?
1492 1414 1526 1511 ¹)
1578 1425 1719 1494 Utrum
1752 1446 1845 1496 vero
1867 1425 2100 1497 warnacha-

340 1523 418 1627 riu's
445 1535 489 1606 in
516 1535 590 1606 hoc
617 1533 786 1606 muneris
812 1532 1086 1632 prorogatione
1112 1533 1160 1606 ad
1184 1530 1306 1622 nihil,
1340 1533 1413 1608 nili
1436 1533 1603 1611 honoris
1641 1541 1836 1639 quandam
1869 1540 1993 1615 adhuc
2027 1565 2098 1615 ne·

339 1656 438 1728 mini
467 1648 682 1747 ⁸concell'am
715 1647 1080 1747 amplificationem,
1103 1651 1169 1726 vel
1202 1677 1295 1727 vero
1331 1655 1449 1728 etiam
1474 1646 1674 1747 meliorem
1699 1657 1805 1746 „vitae
1832 1660 2099 1733 conditionem

340 1773 386 1847 ad
413 1789 629 1858 extremum
657 1794 779 1864 usque
806 1770 909 1840 diem
935 1768 1004 1840 fibi
1031 1769 1332 1843 conservandam
1359 1773 1601 1867 spectaverit,
1638 1775 1907 1850 an=socretiori
1933 1779 2101 1873 quodam

340 1911 378 1964 et
405 1886 574 1989 graviori
602 1887 724 1959 animi
751 1879 911 1957 confilio
938 1886 1016 1960 iam
1042 1894 1139 1962 tunc
1171 1886 1309 1961 ductus
1335 1886 1472 1976 fuerit,
1502 1895 1686 1986 quamvis
1721 1896 1916 1992 inquirere
1950 1895 1997 1967 ad
2028 1921 2102 1970 no·

319 2005 452 2082 liram
477 2031 559 2079 rem
584 2005 785 2103 praecipue
811 2003 1011 2102 pertineat,
1036 2022 1239 2104 propterea
1256 2024 1386 2080 tamen
1412 2003 1638 2083 difficillima
1666 2005 1716 2083 est
1734 2011 1980 2108 disceptatio,
1999 2012 2104 2113 quod

342 2131 384 2201 in
411 2126 585 2200 fontibus
613 2124 659 2196 de
684 2121 746 2195 his
770 2148 820 2196 ne
846 2123 1055 2226 minimum
1073 2123 1228 2221 quidem
1246 2125 1433 2221 reperitur
1447 2122 1663 2226 vestigium.
1699 2128 1839 2225 Quodli
1856 2127 2008 2204 fortalle
2023 2130 2104 2204 iam
2230 2206 2234 2212 ,
2291 2216 2293 2223 ,

340 2267 434 2320 tunc
460 2246 507 2317 ad
533 2243 667 2316 altiora
689 2239 946 2338 adspiraverit,
968 2240 1034 2312 illa
1061 2241 1158 2341 ipsa,
1185 2267 1300 2339 quam
1318 2243 1427 2338 supra
1446 2243 1538 2330 dixi,
1559 2244 1679 2316 otiosa
1698 2248 1807 2342 quies
1829 2264 1866 2319 et
1883 2248 2103 2320 animorum

340 2364 522 2465 quaedam
546 2360 762 2448 lentitudo,
789 2384 884 2457 quae
910 2358 1129 2433 chlothario
1148 2363 1186 2432 11
1211 2361 1293 2447 solo
1319 2377 1504 2460 regnante
1531 2361 1715 2452 obtinuit,
1729 2363 1911 2463 fmaxi'mo
1939 2367 1974 2438 ei
1991 2363 2103 2438 inille

340 2480 835 2579 videaturirnpedimento,
879 2477 974 2575 quin
1011 2480 1170 2552 ulterius
1195 2475 1413 2577 progrcll'us
1435 2479 1563 2553 luerit.
1617 2482 1769 2578 'Quanti
1792 2498 1897 2557 vero
1911 2480 2104 2557 momenti

339 2614 432 2687 haec
456 2595 648 2698 potestatis
674 2599 909 2669 incrementa
935 2594 1152 2666 Maioribus
1170 2595 1308 2667 domus
1334 2591 1491 2682 fuerint,
1509 2597 1708 2671 intellectu
1721 2619 1805 2674 nou
1832 2597 2021 2674 difficilius
2040 2595 2106 2689 att,
2182 2609 2185 2612 ’

281 2720 282 2724 ’
340 2743 455 2815 quam
481 2715 685 2813 explicatu.
738 2717 840 2784 Nam
865 2710 949 2783 lieri
972 2734 1057 2783 non
1082 2709 1225 2807 potuit,
1253 2711 1349 2809 quin
1375 2711 1507 2786 Maior
1537 2714 1694 2802 domus,
1733 2732 1782 2789 e'x
1808 2741 1886 2815 quo
1914 2719 2103 2794 exercitus

341 2833 505 2910 ducendi
532 2830 701 2907 officium
726 2828 762 2903 ei
786 2827 1009 2926 impolitum
1046 2827 1192 2918 fuerat,
1234 2830 1373 2931 regalis
1409 2827 1602 2927 potestatis
1627 2834 1837 2907 maximam
1861 2853 2009 2935 partem
2034 2828 2113 2909 libi
2145 2816 2153 2837 ⁸

338 2940 560 3029 vindicaret:
623 2950 710 3023 Sive
742 2948 847 3020 enim
872 2947 1061 3036 Ludenii,
1089 2946 1165 3022 five
1197 2943 1343 3037 nostra,
1383 2952 1722 3049 quantulacunque
1748 2949 1820 3040 est,
1848 2946 1895 3026 de
1937 2953 2102 3028 Maioris

339 3077 476 3148 domus
503 3069 627 3169 prima
653 3065 875 3143 conditione
901 3067 1089 3141 sententia
1113 3066 1307 3165 probetur,
1335 3067 1441 3165 p'riua
1470 3068 1561 3142 huic
1578 3067 1818 3143 ministeriali
1836 3072 1983 3169 optima
2004 3073 2104 3145 inte·

233 3225 237 3234 ·
339 3196 460 3268 riores
483 3190 638 3290 quidem
661 3186 827 3260 civitatis
846 3186 946 3260 vires
972 3202 1022 3274 et,
1045 3203 1090 3260 ut
1106 3187 1160 3259 ita
1187 3185 1323 3275 dicam,
1346 3208 1464 3259 venas
1486 3189 1596 3287 regni
1621 3205 1658 3260 et
1679 3212 1820 3261 nervos
1843 3187 2100 3326 cognoscendi

341 3314 467 3386 oblata
494 3299 619 3383 hietat
645 3306 935 3405 opportunitas,
973 3326 1080 3378 nunc
1106 3321 1240 3378 contra
1273 3304 1385 3378 limul
1410 3326 1498 3378 cum
1533 3305 1684 3381 summo
1711 3306 1898 3380 exercitus
1935 3309 2101 3443 imperio

340 3432 459 3504 totius
497 3426 634 3524 populi
669 3424 788 3496 robur
812 3440 850 3495 et
874 3423 975 3496 vires
1002 3424 1050 3496 ad
1075 3423 1163 3495 suos
1188 3423 1278 3496 usus
1316 3424 1566 3497 convertendi
1602 3423 1762 3498 facultas
1789 3442 1828 3497 et
1862 3423 2025 3522 potestas
2066 3424 2103 3497 ei

338 3546 567 3621 tradebatur.
621 3543 805 3640 Quocirca
831 3541 1044 3616 maximum
1069 3541 1233 3614 Maioris
1260 3538 1397 3615 domus
1425 3539 1629 3614 artificium
1656 3541 1747 3615 inde
1773 3567 1819 3615 ex
1845 3543 1916 3617 illo
1955 3561 2104 3638 tempo.
2188 3614 2213 3634 0,

322 3684 379 3738 ‘re
405 3666 449 3738 in
477 3688 522 3736 eo
547 3659 714 3760 politum
739 3656 847 3732 suilla
873 3661 1099 3756 putaverim,
1125 3677 1172 3730 ut
1196 3659 1250 3730 ita
1275 3655 1344 3730 libi
1371 3660 1557 3733 exercitus
1583 3659 1735 3734 animos
1756 3660 1996 3734 reconciliare
2031 3656 2104 3733 stu·

341 3783 467 3889 deret,
512 3797 557 3853 ut
589 3778 675 3851 iuis
703 3775 867 3851 consiliis
893 3777 1063 3850 libenter
1083 3777 1159 3850 ieie
1194 3777 1584 3893 accommodarentr
1576 3801 1673 3876 quo
1709 3779 1870 3852 artificio
1906 3794 2007 3860 recte
2041 3779 2105 3852 ad·

341 3898 496 3975 hibito
502 3914 690 3998 quantum
710 3895 871 3992 Pippini
897 3891 1110 3986 effecerint,
1140 3894 1279 3992 cuique
1305 3893 1394 3969 satis
1418 3888 1561 3969 notum
1586 3887 1646 3969 est.
1699 3897 1873 3967 Alterum
1896 3918 1991 3968 vero
2017 3914 2106 3994 pot·
2232 3984 2241 3993 ⁴

340 4016 462 4092 estatis
496 4020 776 4124 incrementum
809 4014 907 4086 hane
943 4008 1177 4111 potiffimum
1204 4013 1254 4117 ob
1289 4008 1440 4086 causam
1465 4013 1567 4086 haud
1592 4013 1759 4086 minoris
1785 4011 1864 4085 fuit
1897 4015 2105 4101 momenti,
2148 4076 2154 4084 ,
2225 4092 2230 4098 ,

343 4138 447 4234 qarod
473 4117 616 4233 quanto
643 4127 865 4219 diuturnius
893 4131 1056 4229 quisque
1079 4155 1241 4207 munere
1258 4131 1428 4228 quodam
1453 4128 1712 4229 perfungitur,
1739 4148 1850 4204 tanto
1872 4131 2017 4230 semper
2042 4130 2105 4206 fis·

342 4253 444 4327 nrior
462 4253 504 4325 ht
523 4271 633 4352 atque
651 4249 838 4326 efficacior
863 4250 1018 4322 muneri
1043 4250 1251 4322 coniuncta
1276 4245 1459 4345 potestaat
1479 4258 1603 4344 neque
1628 4246 1710 4322 heri
1725 4244 1857 4346 potest,
1882 4270 1926 4323 ut
1943 4252 2016 4336 vir,
2039 4245 2105 4343 etii

343 4357 486 4474 egregii
521 4370 699 4470 ingenii,
736 4370 855 4444 talem
889 4367 1042 4441 muneri
1068 4364 1200 4441 afferat
1239 4391 1307 4465 per
1332 4366 1447 4441 breve
1483 4364 1669 4464 temporis
1696 4368 1872 4466 spatium¹
1905 4367 2105 4440 auctorita·
2177 4400 2207 4457 0

341 4511 431 4580 tem,
459 4491 609 4588 qualem
634 4482 738 4562 alius
760 4513 827 4584 per
851 4487 1013 4586 longam
1038 4496 1236 4561 annorum
1262 4485 1395 4559 seriem
1416 4480 1645 4559 hus-multo
1665 4486 1796 4575 labore
1821 4481 1952 4563 affare
1975 4479 2107 4581 potest.
