4590 5364
924 259 1284 331 ...53-

224 459 383 543 propter
409 445 465 518 rei
489 443 725 531 novitatem,
764 462 810 518 ut
847 424 936 519 sunt
962 442 1075 518 rades
1103 445 1225 518 animi
1250 468 1379 517 rerum
1403 465 1594 516 novarum
1621 440 1756 519 curiosi
1783 459 1895 540 atque
1922 466 1982 516 ca·

140 606 143 610 ·
224 589 355 660 paces,
394 589 529 638 eorum
563 564 715 637 animos
751 563 797 635 ab
833 563 951 642 initio
991 580 1028 634 et
1061 548 1131 659 per
1167 563 1317 660 aliquot
1354 576 1512 658 tempus
1560 561 1716 658 captasse
1752 561 1980 659 putaverim.

222 686 453 756 Placuerunt
477 683 584 756 enim
608 681 919 767 novibonores,
946 677 1214 755 ministrorum
1240 681 1363 777 copia,
1394 680 1532 754 domus
1559 683 1702 778 gloria,
1729 683 1896 779 aliaeque
1918 705 1977 751 res

220 817 418 888 externae,
453 823 549 898 quae
586 799 764 897 quamvis
801 824 885 875 non
920 817 1001 872 tam
1026 795 1245 894 potestatis,
1281 823 1398 896 quam
1424 799 1625 897 dignitatis
1652 799 1880 883 videbantur
1906 794 1976 870 esse

221 918 469 1005 incrementa,
496 919 664 991 maxime
684 935 815 990 tamen
841 923 1078 992 Francorum
1104 917 1268 1004 animos,
1297 919 1343 989 de
1369 908 1457 992 vera
1485 917 1769 1015 scilicet-regali
1795 912 1975 1013 poteslate

220 1035 325 1109 baud
360 1054 551 1122 cassantes,
591 1035 825 1110 fefellerunt.
889 1038 1068 1109 Attamen
1105 1059 1200 1107 mox
1224 1037 1268 1109 in
1294 1037 1393 1134 regis
1420 1035 1579 1131 persona
1607 1036 1715 1108 ducis
1740 1041 1974 1107 Francorum

222 1171 259 1226 et
286 1155 525 1251 imperatoris
543 1158 815 1241 ‘Romanorum
849 1155 1185 1252 coniungebantur
1219 1152 1321 1250 quasi
1357 1146 1574 1253 dignitates.
1634 1155 1746 1226 Unde
1783 1151 1972 1248 duplicem

216 1289 259 1344 et
277 1274 496 1372 ambiguam
521 1273 622 1370 regis
649 1291 801 1346 enatam
826 1270 936 1344 fuisse
963 1264 1240 1358 conditionem,
1268 1296 1386 1344 nemo
1401 1294 1486 1345 non
1504 1271 1701 1371 intelligit.
1740 1271 1850 1344 Alius
1868 1260 1973 1342 enini

126 1442 134 1449 -
214 1409 300 1463 erat
336 1392 511 1478 Francis,
548 1392 644 1465 alius
679 1391 889 1474 Romanis3
927 1390 970 1461 hi
1006 1391 1179 1485 ipsorum
1216 1390 1411 1488 ignaviam
1449 1409 1562 1489 atque
1589 1391 1860 1486 impotentiam
1886 1413 1969 1461 nou

217 1498 453 1608 ignorantes,
481 1533 608 1607 regem
632 1525 819 1605 tanquam
845 1507 1050 1580 dominum
1067 1508 1344 1582 timerecoacti
1370 1526 1500 1594 erant;
1526 1509 1586 1581 illi
1614 1527 1747 1581 contra
1774 1505 1970 1581 fortitudi-

216 1650 310 1698 nem
335 1627 442 1700 suam
466 1644 506 1699 et
529 1629 716 1700 virtutem
752 1646 852 1699 reete
878 1621 1137 1711 aestimantes,
1173 1626 1238 1698 sua
1265 1627 1401 1721 sponte
1428 1643 1613 1720 tanquam
1640 1628 1778 1700 ducem
1805 1627 1969 1698 eundem

213 1762 325 1817 erant
359 1744 488 1817 secuti.
551 1751 655 1840 Quae
694 1745 849 1840 quidem
874 1743 1019 1814 incerta
1046 1758 1085 1812 et
1110 1725 1288 1838 ambigua
1315 1743 1414 1840 regis
1442 1743 1614 1814 conditio
1642 1745 1780 1817 veteris
1808 1749 1969 1826 franco·

216 1887 303 1934 rum
328 1861 515 1934 libertatis
542 1885 630 1933 cum
655 1884 758 1933 nova
783 1861 902 1955 regali
928 1855 1109 1954 potestate
1133 1856 1269 1930 sensam
1299 1856 1509 1954 sensimque
1532 1861 1750 1953 procreavit
1776 1861 1968 1956 quoddam
2031 1918 2034 1923 ⁴

208 1997 424 2065 'certamem
445 1978 555 2051 errius
580 1976 739 2074 quidem
762 1972 919 2075 vestigia
944 1999 1028 2048 non
1056 1999 1137 2048 rara
1158 1977 1399 2075 Merovingis
1420 1976 1671 2075 regnantibus
1697 1976 1965 2051 inveniuntur.

209 2094 472 2171 ,Theodericus
507 2101 528 2168 1
564 2119 597 2166 e.
629 2119 666 2193 g.
701 2092 905 2168 Aussrasios
932 2117 1027 2181 non,
1055 2093 1127 2166 nifi
1155 2094 1331 2166 oratione
1358 2093 1578 2167 admonitos
1606 2096 1653 2167 ad
1679 2096 1968 2192 expeditionem

212 2234 346 2292 contra
373 2213 594 2312 Thuringos
621 2212 901 2310 suscipiendam
927 2236 1148 2307 permovere
1173 2203 1359 2308 potest⁰);
1388 2214 1572 2308 quicum
1598 2210 1709 2285 simul
1728 2239 1818 2286 cum
1840 2213 1967 2286 fratri·

98 2395 101 2398 ⁴
211 2335 305 2420 bus,
335 2333 556 2406 Chlothario
585 2348 625 2403 et
651 2332 904 2414 childeberto,
932 2331 975 2400 in
1000 2329 1326 2428 Burgundionum
1360 2328 1458 2403 fines
1483 2329 1661 2403 invadere
1688 2333 1823 2417 nollet,
1851 2329 1966 2427 ipsius

211 2452 340 2525 leudes
359 2458 465 2522 'eum
498 2449 715 2539 relinquere
750 2463 789 2514 et
821 2446 959 2516 iratres
994 2446 1099 2536 sequi
1125 2445 1240 2515 satius
1269 2441 1476 2534 drtcmrt9).
1530 2450 1616 2517 Pari
1642 2451 1759 2521 modo
1788 2450 1965 2521 Chlotha·

207 2569 329 2639 riusl
355 2565 529 2649 invitus,
551 2561 730 2637 lendibus
763 2577 892 2633 tamen
921 2560 1169 2658 urgentibus,
1198 2585 1302 2632 arma
1328 2578 1461 2635 contra
1498 2568 1665 2635 Saxones
1692 2589 1824 2659 capere
1860 2544 1964 2663 cogi·

207 2678 362 2774 terrm),
399 2698 439 2754 et
470 2679 676 2774 Chilperici
711 2678 912 2759 civitates,
949 2679 1017 2772 qui
1051 2677 1352 2772 „descriptiones
1390 2703 1512 2753 novas
1553 2698 1593 2752 et
1625 2705 1756 2780 graves
1783 2682 1826 2754 in
1855 2684 1964 2755 omni

207 2824 329 2902 regno
356 2799 425 2873 suo
451 2797 534 2872 fieri
559 2794 748 2883 iusserat,“
772 2797 891 2868 nrulti
917 2793 1103 2891 reliquisse
1127 2813 1333 2868 narrantur
1347 2792 1411 2886 ¹¹).
1465 2805 1724 2872 contraxere
1750 2801 1965 2874 nonnullos

203 2937 364 3018 propter
386 2917 537 2990 crimen
563 2917 680 2989 laesae
698 2909 905 2986 Maiestatis
934 2912 1088 3008 capitali
1104 2911 1294 3009 supplicio
1317 2908 1471 2987 affectos
1489 2912 1600 2988 fuisse
1617 2917 1804 3017 legimus3
1834 2944 1963 3015 quam·

207 3062 343 3137 quam,
372 3037 464 3132 quid
491 3034 537 3107 de
562 3034 664 3132 regis
688 3026 883 3106 Maiestate
909 3033 1043 3103 Franci
1069 3030 1139 3126 ipsi
1167 3030 1373 3119 senserint,
1408 3033 1534 3121 illius,
1565 3035 1633 3130 qui
1658 3030 1740 3131 post
1767 3036 1961 3132 proelium

207 3157 263 3230 ed·
280 3151 489 3229 suessionas
515 3151 740 3226 chlodoveo
767 3175 924 3225 urceum
950 3145 1238 3223 concedendum
1265 3148 1335 3221 esse
1351 3151 1520 3248 negavit,
1538 3149 1640 3224 testis
1659 3146 1708 3224 est
1728 3155 1882 3226 audacia
1895 3149 1958 3247 ¹²).

204 3281 339 3369 Neque
365 3269 639 3343 sacrosanctam
664 3267 774 3343 fuisse
798 3269 900 3368 regis
927 3269 1128 3364 personam
1155 3268 1436 3354 contenderim,
1463 3268 1567 3364 quod
1593 3267 1990 3344 doctissinaua·Men··

205 3392 326 3464 aelius
353 3387 544 3483 putavit,·
567 3378 712 3486 quippe
749 3390 818 3486 qui
843 3404 1044 3484 propterea
1068 3388 1220 3458 nullam
1245 3387 1344 3485 regis
1371 3384 1692 3482 compositionem
1717 3388 1761 3463 in
1787 3390 1869 3488 lege
1896 3394 1958 3463 Sa*
2003 3368 2007 3375 ⁹

202 3510 278 3583 lica
304 3502 442 3578 exstare
469 3506 688 3593 crediderit,
737 3507 841 3602 quod
867 3507 967 3604 regis
994 3504 1154 3599 persona
1182 3504 1236 3575 ita
1263 3505 1392 3576 sancta
1415 3502 1556 3591 fuerit,
1604 3524 1648 3578 ut
1675 3506 1730 3592 is,
1778 3508 1846 3603 qui
1874 3532 1957 3581 eam

201 3623 383 3708 violasset,
411 3625 546 3696 mortis
572 3625 762 3720 supplicio
789 3623 970 3718 protinus
995 3622 1114 3695 suerit
1137 3622 1361 3697 multandus
1374 3615 1437 3714 ¹³).
1492 3625 1563 3696 Sed
1589 3642 1736 3721 praeter
1752 3627 1844 3699 alias
1872 3652 1956 3698 cau·

202 3744 278 3830 sas,
306 3767 399 3841 quas
426 3765 616 3837 exponere
641 3766 725 3815 non
752 3743 799 3813 ad
824 3737 993 3814 nostram
1019 3765 1100 3813 rem
1126 3741 1306 3835 pertinet,
1333 3738 1485 3815 fortasse
1508 3759 1674 3839 tempus,
1701 3769 1778 3840 quo
1805 3744 1868 3816 lex
1896 3749 1956 3816 Sa·

202 3861 275 3934 lica
301 3861 457 3934 condita
486 3857 598 3933 suisle
626 3858 802 3944 videtur,
819 3858 935 3930 huius
962 3856 1104 3931 filantii
1129 3859 1278 3947 causam
1311 3858 1414 3945 haud
1446 3860 1622 3933 rrltimam
1655 3862 1809 3958 praebet
1821 3853 1884 3951 ¹⁴).
1904 3899 1956 3915 -
2007 3877 2012 3885 '

202 3984 400 4075 Quantum
423 4002 516 4054 vero
543 3995 736 4051 certamen
760 3976 863 4049 illud
886 3972 934 4047 ad
958 3974 1285 4076 Merovingorum
1310 3978 1512 4052 interitum
1539 3981 1764 4059 contrderit,
1804 3978 1870 4049 vix
1897 3978 1954 4051 di·

190 4093 397 4191 cipotesl.
446 4102 559 4172 Nova
585 4097 674 4171 sane
697 4112 738 4169 et
762 4094 904 4168 certior
928 4093 1047 4193 regali
1072 4091 1248 4190 potestati
1281 4095 1449 4195 dignitas
1483 4115 1522 4170 et
1547 4095 1753 4170 auctoritas
1782 4096 1956 4187 Carolin-

191 4237 341 4313 gorum
366 4210 522 4290 demum
546 4217 612 4293 illa
640 4239 729 4292 cum
758 4212 964 4314 prudentia
989 4213 1202 4293 coniuncte
1223 4209 1450 4293 afferebatur
1474 4215 1631 4297 vitame.
1656 4248 1709 4270 -
