4582 5364
653 303 1248 433 .·..„-

186 500 272 583 runi
299 503 465 582 civitatis
491 498 826 582 nubulentiffimie.
845 493 1129 604 tempestatibus
1154 504 1376 605 civiumque
1401 504 1534 585 furore
1558 505 1765 602 exstineto,
1791 462 1956 612 quietua'
2028 563 2031 569 -

92 730 99 747 .
172 628 344 726 ⁴quidam
381 647 420 701 et
455 628 625 723 placatue
662 625 718 697 rei
754 625 929 721 publicae
954 623 1070 700 statua
1097 626 1286 726 apparuit.
1309 707 1311 710 Α
1337 632 1429 701 Erat
1453 646 1582 747 tamen
1608 632 1701 706 haec
1726 633 1834 731 quiea
1861 661 1942 716 non

186 747 335 844 placida
362 747 428 820 illa
441 799 452 833 ,
479 769 583 841 quae
599 755 692 842 pace·
717 760 756 821 et
781 742 987 818 concordia
1012 741 1198 826 efficitur,
1233 771 1310 842 qua
1335 746 1437 820 nihil
1462 747 1613 823 civibus
1638 749 1858 840 iucundiua,
1888 754 1940 826 ci·

13 856 17 865 ‘
90 888 107 909 ‘
185 864 298 939 vitati
324 865 427 938 nihil
454 862 639 936 salubrius
666 859 787 959 potest
813 836 1088 950 invenirissed
1111 889 1155 936 ea
1178 866 1324 960 potius,
1351 878 1448 962 quae
1472 867 1673 966 languoris
1699 869 1805 945 illiue
1827 889 1941 969 atque

187 981 366 1072 desidiae,
392 983 513 1055 nimia
539 982 684 1063 virium
709 981 928 1056 intentione
954 978 1119 1089 effectae,
1147 983 1248 1057 socia
1274 1000 1313 1056 et
1338 984 1565 1081 sempiterna
1593 982 1697 1083 quali
1723 984 1774 1060 est
1800 1013 1940 1080 comeo,
2012 1040 2021 1055 ,

186 1105 304 1177 molle
337 1099 533 1199 ,quoddam
570 1101 717 1188 otium,
757 1124 835 1197 quo
873 1101 983 1172 nulla
1010 1099 1233 1174 futurorum
1258 1098 1419 1177 tristiora
1446 1103 1595 1178 civitati
1621 1101 1759 1179 exilara
1784 1104 1942 1217 possunt

185 1220 385 1320 praesagia.
450 1219 639 1298 Omnium
676 1219 782 1292 enim
814 1219 1008 1309 virtutem
1031 1216 1155 1292 sterile
1179 1218 1283 1317 quali
1309 1239 1390 1294 erat
1415 1223 1684 1321 ChlothariiII
1706 1225 1942 1300 Monarchae
2079 1221 2086 1228 ’

186 1340 398 1426 saeculum,
425 1356 464 1411 et
490 1339 601 1411 suum
627 1335 697 1412 fibi
721 1324 888 1436 quiaque
911 1364 961 1411 ex
985 1340 1281 1436 praeteritorum
1305 1341 1569 1416 recordatione
1594 1340 1816 1416 futurorum
1839 1368 1942 1440 prae·

33 1448 42 1553 ’1
187 1455 324 1531 sidium
346 1479 563 1554 comparare
580 1456 768 1553 cupiebat,
794 1473 920 1554 mque·
940 1455 1096 1530 tandem
1118 1458 1376 1554 Pippinorum
1401 1483 1495 1560 gene
1519 1460 1570 1535 td
1591 1484 1720 1548 novoe
1746 1457 1943 1563 pristinam
1997 1511 2002 1528 .

152 1643 157 1657 ,
188 1581 425 1651 Francorum
450 1575 636 1650 virtutem
661 1574 898 1672 provocabat
919 1575 1186 1675 excitabatque
1203 1577 1371 1665 labores.
1398 1612 1451 1631 -

954 1786 1175 1811 ἡ

959 1996 1060 2083 Cae.
1098 1996 1176 2082 ΠΙ,

192 2190 256 2264 De
295 2181 515 2264 Maioribus
553 2182 690 2259 domur
732 2195 771 2257 et
805 2176 974 2288 ipsorum
1006 2175 1210 2286 potestatis
1246 2186 1481 2260 incrementis
1514 2184 1567 2258 od
1598 2172 1789 2284 proelium
1828 2213 1975 2295 utque·

603 2295 864 2412 Textriciense
904 2306 1073 2400 Pippino
1101 2298 1337 2390 11v'ictore,
1376 2330 1413 2376 o.
1441 2308 1531 2394 687.

1014 2507 1051 2596 i·
1083 2523 1148 2610 ¹·,
1224 2548 1227 2553 ·

294 2647 400 2742 Quae
433 2638 628 2712 hactenus,
651 2622 957 2736 disputavimus,
990 2637 1169 2736 quamvis
1194 2659 1278 2711 non
1301 2636 1349 2711 ad
1373 2637 1566 2712 Maiorem
1589 2637 1731 2714 domuc
1755 2640 1943 2738 spectave-

191 2760 293 2851 rint,
321 2763 510 2859 quitenua
536 2775 666 2831 tamen
693 2758 740 2830 ad
766 2753 933 2831 nostram
949 2781 1037 2829 rem
1061 2755 1338 2852 pertinuerint,
1364 2757 1433 2830 rix
1458 2780 1616 2831 monera
1643 2783 1739 2855 opua
1766 2755 1827 2835 est
1868 2765 1943 2836 De·

192 2875 482 2955 monstrandum
508 2875 614 2950 enim
640 2891 739 2962 erat,
779 2875 975 2973 quomodo
1002 2875 1324 2975 Merovingarum
1350 2898 1444 2974 gena
1471 2899 1533 2961 ea,
1579 2901 1677 2975 quae
1710 2882 1945 2963 Francorum

192 3001 273 3101 regi
300 3022 400 3095 opua
427 3014 524 3083 erat,
559 2995 702 3067 virtute
727 2992 924 3089 animique
962 2986 1186 3091 praestantia
1221 2993 1344 3093 magia
1377 2993 1580 3091 magisque
1600 2996 1783 3083 caruerit,
1818 3014 1856 3069 et
1891 2999 1946 3074 ita

192 3142 275 3193 uon
304 3117 427 3190 solum
453 3113 745 3213 opportunitas,
771 3112 833 3185 sed
859 3113 975 3184 etiam
1000 3109 1103 3209 quasi
1129 3113 1315 3209 quaedam
1341 3105 1530 3185 neceffitas
1557 3108 1747 3200 exstiterit,
1775 3115 1862 3187 aliia
1889 3141 1945 3189 ra·

141 3300 146 3320 ,
194 3236 318 3334 golem
355 3232 478 3306 sedem
513 3227 810 3330 potestatemque
843 3227 1124 3303 committendi
1177 3237 1302 3328 Quam
1326 3228 1483 3326 quidem
1518 3225 1768 3304 necessitatem
1803 3229 1946 3306 etiamsi

194 3377 276 3455 non
305 3375 459 3440 omnea,
500 3349 642 3448 singuli
668 3367 767 3423 certe
794 3367 831 3421 et
857 3346 1007 3423 sortasse
1033 3349 1214 3445 plurimi,
1240 3343 1419 3449 pristinae
1444 3347 1588 3420 seilicet
1612 3352 1845 3424 Prancomm
1860 3338 1948 3426 'vir-

194 3471 288 3543 tutis
315 3487 428 3567 atque
455 3469 599 3567 gloriae
624 3493 708 3541 non
734 3467 866 3540 minua
894 3491 1105 3554 memores,
1130 3492 1246 3565 quam
1273 3465 1417 3562 cupidi,
1445 3465 1522 3537 iam
1550 3464 1695 3538 dudum
1721 3466 1945 3543 intellexisse

195 3589 388 3664 videntur.
442 3589 621 3658 Attamen
655 3612 737 3660 non
772 3585 904 3657 minua
932 3579 1093 3658 arduum
1119 3603 1219 3673 erat,
1258 3585 1382 3657 aliam-
1399 3584 1442 3655 in
1469 3585 1791 3681 Merovingorum
1818 3589 1949 3660 locum

102 3758 107 3764 ·
195 3723 347 3809 gentem
373 3704 550 3802 protinus
577 3700 818 3789 substituere,
857 3726 973 3800 quam
997 3704 1240 3804 Merovingia
1276 3700 1365 3799 ipsu
1391 3699 1885 3796 maiorum-sortitudinem
1911 3723 1950 3778 et

197 3826 461 3897 auctoritatem
489 3844 668 3919 reparare.
721 3821 863 3894 Multia
890 3823 994 3892 enim
1020 3818 1201 3895 effrenata
1227 3822 1318 3897 haec
1345 3839 1383 3895 et
1416 3818 1592 3894 disloluta
1627 3820 1788 3898 vivendi
1823 3838 1861 3894 et
1896 3845 1949 3895 re·

197 3962 284 4012 rum
319 3944 569 4038 gerendarum
602 3938 702 4015 ratio
736 3939 859 4038 magia
886 3937 1067 4036 placuisse
1100 3941 1273 4027 ridetur,
1313 3963 1428 4039 quam
1454 3940 1554 4013 ordo
1576 3955 1615 4010 et
1641 3939 1841 4034 disciplina
1869 3938 1949 4024 illa,

197 4079 293 4154 quae
326 4057 520 4134 bonorum
556 4075 710 4132 tantum
746 4055 869 4131 amica
906 4054 968 4133 esi
1034 4057 1275 4133 Perturbatio
1311 4083 1402 4133 vero
1436 4055 1603 4155 tragali
1627 4051 1739 4150 stirpe
1765 4053 1951 4151 prosecta,
2075 4126 2079 4132 .
2186 4018 2196 4033 κ

196 4170 270 4248 nist
296 4173 448 4273 regibus
473 4176 575 4275 ipsu,
602 4176 764 4276 perenni
791 4174 894 4275 quafi
920 4175 1198 4250 discordiarum
1225 4173 1359 4264 sonte,
1386 4172 1589 4252 cxsiinctia.
1618 4170 1751 4247 cassare
1776 4196 1860 4250 nou
1886 4199 1952 4275 po-

197 4294 285 4367 tuit.
339 4298 578 4392 Quapropter
603 4295 665 4381 id,
705 4292 810 4393 quod
836 4315 989 4393 repente
1014 4317 1119 4382 non,
1155 4291 1228 4366 nisi
1255 4295 1304 4368 ri
1330 4312 1369 4367 ct
1394 4288 1670 4368 reluctantium
1696 4289 1798 4371 baud
1823 4293 1955 4389 pautit

94 4436 98 4443 ·
198 4410 294 4487 effici
329 4407 531 4508 potuisset,
567 4413 753 4508 tempori,
794 4414 970 4485 omnium
1005 4435 1133 4485 rerum
1169 4406 1349 4484 effectrici
1384 4429 1422 4485 et
1448 4408 1741 4507 perturbatrici,
1767 4429 1846 4493 erat
1870 4436 1977 4508 pen.

199 4532 442 4607 mittendum.
1460 4532 1466 4545 '

1425 4593 1429 4600 '
1540 4610 1552 4634 ὁ
1593 4590 1641 4624 0⁸2>
1679 4601 1684 4612 ι
1767 4605 1773 4613 .
