4590 5364
1010 247 1372 319 *³²*

189 488 199 507 ,
317 414 433 542 ipius
459 434 625 536 speciem
649 426 817 535 praebat.
869 430 979 506 Nam
996 428 1182 506 etiamsi·
1168 456 1213 506 ιιι
1235 430 1418 506 nomine
1426 429 1590 506 Maioris
1617 404 1758 507 domna
1782 457 1865 508 non
1893 430 2078 509 distinam

268 612 272 645 .
316 579 356 637 at
381 555 546 656 expresse
571 555 669 631 Fisci
690 553 807 629 notio
844 551 1109 640 contineatur,
1143 550 1188 624 in
1222 575 1268 625 eo
1294 569 1424 625 tamen
1450 549 1739 649 quodammodo
1762 554 1878 626 latere
1903 552 2129 639 videtuw'

314 676 500 778 liquidem
522 674 686 751 verbum
709 672 849 747 domna
875 669 923 744 ad
946 669 989 744 id
1013 667 1222 759 referatur,
1248 645 1357 770 quod
1381 695 1543 771 magnae
1567 671 1629 743 illi
1654 670 1846 759 familiae,
1874 673 1938 745 cui
1962 697 2069 770 prae·

234 804 241 821 '
314 798 439 872 iectus
465 792 585 868 fuerit
606 791 922 877 Maiorianus,
958 787 1164 887 proprium
1199 805 1239 862 et
1271 786 1374 888 quasi
1411 813 1618 863 commune
1644 808 1746 877 erat,
1764 816 1866 865 non
1893 789 1939 862 ad
1966 791 2069 864 cirea

313 915 468 1015 ipsom-
449 913 548 988 ·sed
581 909 630 985 ad
652 910 722 1000 id,
761 907 916 1010 quod
903 907 953 982 ria
987 907 1185 984 civitatem
1219 907 1375 984 demum
1400 908 1566 996 dederit,
1619 909 1683 984 vel
1709 932 1786 1008 quo
1813 909 1915 983 cirea
1943 906 2093 982 effecti·

310 1033 467 1109 fuerint

1136 1239 1234 1329 tr·
1366 1206 1374 1222 ’

410 1391 516 1464 Haec
542 1387 698 1487 quidam
722 1382 778 1461 da
793 1362 1037 1462 nominibua:
1089 1390 1206 1461 Nunc
1222 1362 1327 1484 ¹quid
1352 1385 1396 1461 in
1422 1342 1603 1461 fontibus
1629 1381 1676 1459 de
1705 1383 1785 1481 ipsa
1811 1384 1972 1458 Maioris
1999 1385 2093 1456 d0-·

308 1532 397 1582 mua
424 1506 651 1584 conditione
683 1504 950 1587 inveniamus,
996 1527 1167 1602 quaeque
1202 1505 1295 1578 inde
1320 1501 1444 1579 facere
1469 1505 1583 1578 liceat
1608 1503 1896 1591 conclusiones,
1924 1500 2067 1576 necasse

308 1629 381 1702 crit
406 1628 616 1700 enucleare.
668 1624 796 1722 Atque
821 1647 911 1696 cum
936 1624 1037 1696 illu'd
1061 1640 1209 1696 certum
1234 1620 1315 1694 fere
1338 1619 1397 1709 fit,
1423 1622 1616 1713 Maiorem
1638 1624 1777 1695 domus
1798 1613 1990 1719 quendam
2010 1646 2066 1693 re·
2106 1671 2108 1676 ,

308 1768 397 1845 gem
422 1744 528 1817 inter
553 1760 592 1815 et
616 1739 746 1813 leudes
773 1737 979 1814 obtinuiffa
1004 1741 1147 1825 locum,
1178 1739 1357 1835 primum·
1375 1739 1505 1813 videre
1532 1757 1798 1833 opportunum
1824 1740 1907 1818 erit.
1934 1757 2067 1810 utrum

124 1850 129 1861 ’
284 1870 348 1936 ἰι
373 1885 471 1960 quaa
495 1856 640 1933 Maiori
664 1858 803 1930 domna
828 1853 948 1929 suerit
972 1878 1063 1928 cum
1088 1878 1177 1956 rege
1201 1851 1444 1944 necessitudo,
1472 1853 1610 1928 deinde
1636 1880 1733 1954 quaa
1760 1880 1849 1928 cum
1874 1856 2064 1928 leudibus.
2195 1952 2201 1969 ἱ
2258 1918 2262 1933 ,

306 1984 409 2054 Nam
434 1976 540 2077 quod
565 1976 614 2050 ad
637 1972 811 2073 primum
836 1973 993 2072 quidem
1019 1973 1178 2062 attinet,
1216 1992 1350 2048 utrum
1386 1971 1508 2046 fuerit
1534 1974 1720 2074 quaedam
1744 1976 1873 2074 regem
1897 1976 2003 2082 inter
2029 1991 2066 2045 et

303 2100 497 2174 Maiorem
522 2094 661 2169 domuc
685 2086 928 2180 necaffitudo,
954 2090 1030 2167 hoc
1056 2091 1143 2166 sane
1159 2092 1285 2197 ‘nemo
1311 2088 1382 2182 en,
1407 2094 1473 2167 vel
1497 2092 1743 2167 mediocriter
1767 2110 1922 2165 tantum
1948 2093 1991 2164 in
2020 2092 2065 2163 il·
2138 2104 2146 2127 ⁸
2206 2139 2209 2146 -

290 2217 385 2329 ⁴lius
412 2215 546 2290 aetatis
572 2207 748 2287 historiae
772 2208 953 2285 fontibus
978 2210 1161 2294 versatus,
1188 2211 1257 2311 qui
1282 2234 1424 2313 negare
1448 2210 1556 2300 velit,
1583 2212 1648 2286 vel
1673 2210 1702 2286 sr
1725 2210 1919 2298 voluerit,
1945 2205 2065 2307 possit.

304 2343 406 2408 Nam
430 2332 512 2431 ipsa
538 2326 685 2430 prima‘,
713 2353 810 2426 quae
833 2326 1028 2401 testantur
1052 2329 1244 2405 Maiorem
1270 2331 1410 2404 domus
1437 2347 1537 2404 certe
1562 2329 1693 2418 fuisse,
1728 2327 1906 2428 vestigia,
1934 2348 2065 2434 quam·

304 2450 441 2527 viaad
464 2471 594 2522 aeram
621 2465 660 2520 et
684 2446 852 2541 primam
876 2445 994 2517 huius
1019 2439 1275 2517 ministerialis
1303 2444 1571 2519 conditionem
1595 2448 1734 2520 melius
1762 2448 2065 2544 cognoscendam

306 2569 386 2644 fere
411 2566 522 2640 nihil
538 2559 703 2652 iaciant,
750 2560 859 2634 illiue
880 2554 1013 2635 tamen
1038 2555 1321 2635 neeeffimdinia
1348 2560 1534 2660 quaedam
1557 2560 1733 2660 praehere
1758 2566 1940 2639 videntur
1965 2563 2063 2637 testi·

256 2702 264 2713 “
304 2687 450 2761 monia.
501 2678 757 2756 Badechiiilua
782 2678 890 2753 enim
914 2697 1004 2779 rege
1028 2677 1186 2753 iubente
1211 2679 1422 2777 Episcopus
1450 2678 1718 2773 ordinatur¹),
1757 2683 1908 2756 Waddo
1934 2682 2041 2755 Maio

303 2807 442 2880 domm
466 2801 569 2902 regia
595 2798 752 2875 filiam
740 2823 785 2872 ιιι
810 2797 1037 2895 Hispaniam
1061 2797 1304 2871 matrimonii
1341 2798 1449 2872 causa
1482 2799 1746 2897 profecturam
1780 2800 1988 2875 comitatur
1998 2794 2061 2891 2);
2082 2818 2087 2833 ‘

302 2920 574 2998 florentianus
599 2918 731 2991 Maior
754 2918 894 2991 domus
920 2939 942 2988 a
965 2937 1055 3015 rege
1081 2916 1128 2989 ad
1155 2915 1435 3015 descriptiones
1462 2916 1657 2993 iaciendas
1676 2907 1940 3012 'emittitur³),
1968 2947 2063 3019 quae

301 3041 446 3128 omnia,
474 3034 621 3112 etiamsi
645 3059 729 3111 non
746 3028 950 3123 testentur,
975 3033 1168 3106 Maiorem
1194 3026 1334 3110 domus
1361 3060 1408 3108 ex
1431 3037 1536 3136 regis
1564 3037 1683 3112 solius
1711 3038 1809 3112 iussu
1835 3057 1873 3113 ιι
1899 3040 2061 3113 arbitrio

301 3183 413 3259 agera
437 3174 615 3233 eoactum
639 3144 776 3242 fuisse.
802 3152 891 3229 fatis
916 3170 1046 3226 tamen
1072 3151 1286 3243 declarant,
1300 3172 1491 3243 ‘mutuam
1517 3158 1709 3253 quandam
1735 3183 1864 3257 regem
1892 3161 1996 3233 inter
2025 3177 2062 3230 et

299 3278 490 3353 Maiorem
515 3274 653 3350 domm
678 3275 818 3348 lorum·
835 3269 1002 3346 habuiss'e
1026 3267 1350 3361 neoeffitudinem,
1378 3275 1431 3347 ita
1452 3275 1620 3374 quidem,
1648 3294 1694 3348 ut
1717 3275 1782 3349 hic
1799 3278 1860 3352 illi
1878 3279 2062 3374 quodam-

297 3394 415 3470 modo
442 3393 636 3468 obnoxiae
659 3388 771 3469 iuiss'e
795 3389 982 3466 videatur
1021 3390 1165 3465 Seriori
1190 3394 1309 3490 paulo
1336 3409 1509 3490 tempora
1533 3393 1790 3471 Berthoaldus
1816 3397 2063 3497 Burgundio·
2098 3492 2104 3509 .
2185 3476 2214 3500 ⁶

296 3538 397 3591 num
433 3513 563 3587 Maior
596 3513 736 3586 donus
772 3507 1058 3585 aThaoderico
1081 3515 1120 3584 11
1153 3535 1242 3584 cum
1281 3513 1463 3588 trecentis
1488 3513 1605 3595 viria,
1644 3538 1876 3613 quamquam
1903 3533 2063 3614 urgente

287 3627 547 3706 'Brunichilde
573 3645 632 3716 et,
658 3647 704 3701 ut
728 3628 829 3702 mihi
855 3628 1025 3716 videtur,
1053 3627 1138 3727 ipso
1165 3629 1453 3727 quodammodo
1480 3632 1608 3707 invito
1636 3658 1731 3770 „per
1756 3657 1876 3733 pagos
1903 3653 1940 3703 ιι
1968 3633 2061 3704 civi·

294 3767 392 3824 tatea
427 3747 476 3824 ad
500 3746 637 3823 fiscum
669 3744 945 3845 inquirendum
977 3746 1204 3847 dirigiturff‘
1244 3765 1283 3821 et
1318 3748 1575 3838 Landericua,
1615 3752 1684 3850 qui
1721 3752 1858 3827 codem
1886 3766 2060 3846 tempore
2168 3836 2173 3843 ι

254 3908 258 3917 ·
297 3866 342 3939 in
373 3864 651 3951 Aulia-afiorum
685 3858 837 3966 regno·
834 3860 1007 3938 Maioris
1039 3861 1180 3939 domuc
1205 3891 1366 3941 munera
1391 3866 1648 3968 fungebatur,
1694 3872 1919 3983 chlothario
1940 3872 2013 3940 11
2002 3895 2059 3939 ιιι-

299 3983 416 4056 henta
440 4003 576 4060 contra
600 3983 768 4059 cundem
792 3982 1066 4059 Barthoaldum
1085 3982 1374 4082 expeditionem
1400 3986 1590 4085 suscipere
1616 3990 1739 4066 debet.
1795 3987 1927 4086 Quid?
1956 3987 2060 4084 quod

294 4099 549 4178 Berthoaldua
573 4102 836 4179 Landericam
852 4103 1045 4178 allocutus
1070 4126 1178 4202 reges
1204 4101 1417 4202 ipsorum,
1420 4107 1642 4195 ,dominon
1669 4099 1938 4200 vocat?⁴)-
1975 4109 2060 4180 Pari

293 4219 414 4295 modo
440 4220 757 4296 Warnacharium
780 4204 974 4296 Maiorem
1009 4219 1147 4299 domus
1171 4223 1458 4316 Brunichildia,
1500 4252 1597 4324 quae
1622 4246 1717 4300 tunc
1743 4224 2058 4327 quasiprincepa

293 4356 375 4414 erat
398 4339 443 4414 in
462 4341 790 4438 Burgundionum
812 4362 947 4439 ragno,
971 4334 1084 4421 simul
1110 4364 1201 4416 cum
1226 4341 1429 4444 sigiberto,
1447 4345 1549 4445 regia
1576 4334 1808 4422 Theodorici
1826 4352 1864 4421 n
1890 4347 1985 4431 filio,
2015 4350 2056 4417 in

295 4457 553 4563 ‘thoringiam
576 4456 712 4548 mittit.
741 4471 786 4534 ut
809 4473 944 4562 genter
966 4458 1068 4535 ultra
1093 4461 1274 4538 Rhenum
1298 4460 1517 4537 habitantea
1543 4462 1591 4540 ad
1607 4462 1813 4548 seditiones
1833 4465 2057 4543 chlothario
