4590 5364
965 371 1325 429 ...na-

276 572 397 658 detur,
425 569 567 669 quippe
592 565 661 666 qui
685 564 947 639 thesaurorum
961 562 1151 664 'regalium
1167 546 1338 636 summus
1354 578 1579 658 procurator
1597 565 1822 637 nominetur
1832 554 1878 658 ⁴).
1915 571 2024 641 Prae'·

200 692 205 698 ’
275 708 376 765 terea
397 690 629 762 Hincmarus
643 684 846 758 Camerarii
873 679 993 756 officia
1018 682 1133 756 latius
1152 680 1338 779 exposuit,
1355 705 1429 754 nec
1447 681 1663 780 Carolingis
1680 683 1930 782 regnantibus
1948 688 2022 761 alia

194 788 202 795 ⁸
274 809 365 882 huic
384 803 618 881 ministeriali
634 804 790 903 negotia
810 800 1057 900 subsequam
1074 799 1399 900 Merovingorum
1418 817 1547 886 aetate,
1566 801 1662 873 mihi
1680 803 1895 898 persuasum
1914 802 1964 878 esi
1974 799 2021 898 ³).

274 931 321 999 ln
341 927 446 1001 villis
463 923 651 1024 regalibus
676 945 769 997 vero
796 918 937 1019 singuli
954 919 1112 1020 singulis
1131 915 1387 994 rusticationis
1403 918 1578 1016 pertibus
1598 918 1698 1016 quasi
1716 920 1899 1016 praefecti
1918 942 2025 996 erant

274 1032 480 1119 constituti.
534 1047 592 1114 Ita
618 1037 787 1114 cusiodes
815 1038 994 1112 silvarum
1006 1029 1041 1130 ⁶)
1079 1055 1117 1110 et
1151 1033 1319 1110 custodes
1350 1040 1518 1111 saltuum
1534 1032 1569 1127 ⁷)
1596 1035 1729 1136 paslim
1744 1041 2022 1129 nominantttrt
2068 1057 2076 1067 '

272 1166 502 1235 Maurontus
529 1162 686 1259 quidam
711 1176 899 1232 terrarum
922 1161 985 1232 vel
1003 1146 1182 1230 filiarum
1203 1155 1251 1228 ad
1266 1155 1691 1255 regempertinentium
1709 1155 1877 1231 serrator
1898 1162 2025 1256 appel·

271 1279 373 1379 latur
382 1271 430 1370 ⁰),
459 1296 498 1352 et
509 1278 707 1377 Pelagium
733 1274 948 1351 custodibus
974 1279 1240 1349 iumentorum
1264 1272 1449 1348 fiscalium
1467 1273 1724 1372 praepostum
1743 1271 1863 1363 suiss'e,
1885 1283 2025 1378 Grego-

165 1430 170 1447 ι
274 1397 355 1470 rius
369 1390 586 1487 ‘narrat⁹),
622 1395 690 1493 qui
724 1413 885 1492 uterque
920 1395 1043 1493 qualis
1070 1393 1216 1466 suerint
1242 1392 1388 1466 ordinis
1425 1412 1464 1466 et
1489 1393 1701 1493 dignitatis,
1716 1393 1821 1487 ¹inde
1847 1397 2026 1495 colligere

271 1516 381 1603 licet,
409 1517 514 1611 quod
539 1515 649 1609 prior
676 1512 849 1600 „nobilis
874 1513 962 1585 vir“
989 1513 1247 1608 praedicatur,
1284 1515 1380 1585 alter
1403 1537 1454 1585 ne
1478 1510 1646 1617 iudicem
1672 1513 1829 1610 quidem
1854 1511 2027 1588 metuisse

269 1632 433 1707 videtur.
499 1637 560 1704 Ex
593 1634 668 1705 boc
701 1617 847 1733 genere¹
874 1631 976 1702 haud
1002 1618 1117 1704 dubie
1144 1629 1282 1738 fiscalis
1310 1620 1465 1726 quoqu'e
1488 1629 1640 1702 vinitor
1665 1629 1775 1702 fuisse
1799 1634 1898 1704 mihi
1922 1635 2027 1708 vide·

273 1768 357 1838 tur,
392 1751 469 1837 ita,
509 1765 554 1822 ut
578 1750 634 1821 rei
667 1749 837 1819 vinariae
872 1738 934 1818 uel
968 1747 1094 1817 vineis
1127 1748 1317 1840 regalibus
1355 1743 1563 1840 praefuerit
1577 1741 1640 1833 ιο).
1692 1751 1753 1818 Ex
1778 1736 2025 1825 inferioribus

274 1885 405 1940 autem
431 1865 561 1960 pueris
586 1864 714 1961 regiis·
729 1854 838 1934 mani
863 1861 1125 1947 senescalcus,
1161 1859 1441 1946 Buticularius,
1466 1858 1770 1950 Mansionarius,
1799 1870 1947 1938 Comes
1960 1863 2028 1941 sii·

270 1982 377 2063 buli,
415 1987 625 2055 venatores
661 1996 699 2053 et
732 1981 977 2076 quicunque,
1012 1995 1161 2074 praeter
1184 1976 1277 2065 hos,
1316 1979 1461 2075 partim
1498 1975 1545 2048 ad
1570 1975 1683 2052 villas
1711 1979 2027 2060 administrandas

269 2100 526 2199 pertinebant,
552 2097 694 2196 partim
718 2098 763 2170 in
791 2097 876 2170 aula
903 2095 1004 2197 regis
1031 2113 1138 2168 erant
1164 2095 1345 2168 collocati
1356 2093 1430 2187 ¹¹).·
1477 2100 1584 2193 Quae
1611 2121 1699 2170 cum
1723 2099 1778 2171 ita
1795 2098 1879 2188 fint,
1897 2127 2026 2200 quem·

268 2243 359 2294 nam
386 2218 514 2291 Maior
540 2215 677 2290 domus
702 2216 806 2288 inter
831 2216 904 2290 hos
932 2237 1066 2289 omnes
1091 2237 1268 2312 unquam
1294 2214 1489 2303 obtinuit,
1523 2217 1589 2288 vel
1616 2216 1790 2292 obtinere
1815 2221 1944 2316 potuit
1969 2224 2026 2297 lo·

133 2416 140 2435 x
271 2334 389 2410 cum?
427 2353 493 2443 aut
519 2358 614 2433 quae
639 2329 928 2420 administravit,
956 2357 1052 2430 quae
1076 2330 1331 2430 procuravit?
1356 2350 1423 2405 aut
1448 2334 1587 2431 quibus
1614 2334 1827 2430 praefectus
1854 2336 1960 2413 suit?
1975 2379 2025 2397 -

270 2454 464 2549 Equidem
481 2468 583 2526 'non
617 2450 823 2545 intelligo,
877 2451 1054 2542 quibus,
1091 2467 1239 2555 praeter
1273 2447 1496 2521 domesticos
1532 2453 1726 2546 aliosque,
1780 2456 1847 2548 qui
1881 2457 2025 2552 praefe-

272 2571 393 2642 ctoria
428 2565 607 2664 potestate
641 2565 806 2661 praediti
841 2565 954 2638 villas
993 2581 1032 2634 et
1066 2588 1147 2636 rem
1173 2563 1404 2638 familiarem
1428 2568 1529 2664 regis
1564 2563 1889 2658 administrarent,
1928 2599 2024 2670 opus

273 2685 409 2771 fuerit3
450 2709 517 2758 cur
543 2702 581 2756 et
605 2683 653 2757 ad
680 2705 795 2781 quem
822 2670 933 2755 usum
957 2681 1108 2757 Maiore
1134 2680 1302 2756 domus?
1326 2720 1380 2738 -
1402 2717 1456 2739 -

372 3051 423 3120 At
449 3051 662 3143 provocant
688 3040 850 3130 deinde,
888 3040 956 3139 qui
981 3058 1148 3116 veterem
1172 3038 1282 3117 istam
1308 3043 1534 3118 sententiam
1560 3047 1798 3141 probandam
1825 3065 2023 3145 putarunt,

269 3169 343 3238 hoc
378 3160 659 3237 testimoniumt
712 3169 758 3234 In
798 3163 881 3260 lege
916 3161 1035 3234 Salica
1073 3162 1262 3234 nimirum
1286 3145 1416 3235 Maior
1448 3161 1607 3259 quidam
1632 3166 1816 3237 villarum
1842 3162 2022 3242 ministris

271 3281 467 3377 inferioris
496 3282 642 3355 ordinis
669 3282 721 3352 ita
750 3273 987 3366 adscribitur,
1015 3296 1059 3351 ut
1086 3280 1266 3353 omnium
1291 3281 1371 3376 ipse
1390 3282 1539 3377 primus
1555 3284 1781 3355 nominetur
1794 3280 1839 3373 ¹).
1879 3291 2021 3382 Quam·

270 3422 388 3497 quam
424 3424 515 3472 vero
550 3399 625 3470 viri
664 3395 865 3472 doctiffimi
900 3398 1059 3472 Carolus
1096 3396 1148 3470 du
1173 3392 1360 3490 Fresne²)
1395 3417 1433 3473 et
1459 3402 1645 3500 Georgius
1672 3400 1860 3475 Eccardus
1875 3393 1910 3493 ⁸)
1938 3428 2022 3478 non

270 3517 496 3590 dubitarunt
522 3516 761 3602 contendere,
788 3515 950 3590 verbum
976 3516 1138 3590 Maioris
1164 3517 1228 3590 bic
1254 3519 1307 3590 ita
1333 3516 1606 3614 positum-,esse
1632 3508 1677 3593 ut
1704 3507 1898 3619 genitivus
1926 3521 2020 3609 „do-

269 3640 383 3708 mus“
400 3632 617 3732 ¹cogitando
644 3631 747 3731 quasi
773 3632 1118 3733 subintelligendus
1144 3633 1201 3723 fit,
1229 3654 1312 3709 non
1333 3637 1455 3710 nimis
1481 3635 1657 3711 audacter
1683 3657 1813 3712 tamen
1844 3637 2021 3713 iudicasse

269 3754 366 3826 mihi
392 3749 543 3836 videar„
581 3747 608 3822 fi
635 3752 826 3823 Maiorem
853 3753 964 3823 illum
991 3777 1011 3824 a
1036 3755 1180 3827 Maiori
1207 3753 1344 3828 domus
1371 3756 1488 3855 longe
1514 3754 1706 3830 diversum
1732 3755 1841 3832 fuisse
1867 3775 2021 3854 putave-

270 3870 355 3942 rim.
408 3851 593 3968 Quamvis
620 3867 747 3955 enim,
775 3886 963 3966 quantum
989 3872 1167 3966 equidem
1192 3872 1294 3959 scio,
1321 3896 1403 3946 non
1430 3874 1578 3971 saepius
1604 3876 1828 3950 huiusmodi
1854 3878 2021 3948 Maiores

251 4070 253 4075 ,
271 3989 312 4060 in
326 3985 586 4082 scriptoribus
611 3985 880 4074 nominentur,
907 4011 1030 4060 unum
1052 4004 1150 4060 certe
1168 3989 1271 4085 apud
1289 3994 1518 4091 Gregorium
1539 3993 1860 4089 deprehendimus
1876 3994 2019 4079 locum

269 4105 339 4181 ubi
365 4100 444 4175 sine
467 4104 586 4180 dubio
613 4106 716 4178 nulli
743 4106 830 4193 alii,
858 4128 974 4206 quam
999 4107 1180 4197 Maiores,
1208 4109 1276 4206 qui
1308 4109 1352 4182 iu
1377 4110 1461 4210 lege
1487 4111 1606 4185 salica
1632 4109 1902 4198 nominantur,
1931 4112 2018 4185 sunt

268 4221 512 4320 intelligendi
520 4215 569 4312 ⁴).
631 4231 733 4299 Nam
768 4225 939 4320 primum
974 4225 1131 4321 quidem
1169 4227 1292 4300 totius
1327 4227 1408 4302 loci
1440 4247 1577 4302 natura
1602 4245 1641 4298 et
1666 4226 1871 4300 verborum
1896 4254 2018 4326 nexus

270 4345 393 4427 docet,
421 4339 486 4410 hic
510 4341 555 4411 de
580 4343 720 4415 talibus
747 4339 1060 4415 ministerialibus
1087 4338 1158 4414 ess'e
1174 4327 1401 4431 sermonem,
1420 4347 1488 4441 qui
1513 4345 1665 4415 adrem
1691 4344 1919 4437 santiliarem
1945 4347 2020 4423 sive·

253 4453 512 4533 domesticam
548 4459 648 4554 regis
684 4450 1018 4532 administrandam
1049 4460 1344 4554 pertinuerint,
1395 4461 1535 4536 deinde
1570 4438 1663 4536 iero
1701 4466 1891 4552 Maiores,
1933 4490 2017 4540 non

269 4579 399 4648 Maior
423 4577 703 4661 nominantur,
740 4593 779 4650 et
803 4576 910 4651 hano.
941 4577 994 4651 ob
1008 4579 1169 4652 causam
1206 4577 1430 4651 deMaiore
1455 4578 1592 4654 domus
1618 4604 1703 4656 non
1728 4584 1890 4683 cogitari
1917 4582 2018 4680 posse?

1583 4724 1662 4791 Ba
