4590 5364
952 399 1004 429 ι-
1097 356 1181 456 ’993
1285 390 1359 425 -0

271 648 275 655 .
352 581 390 654 6)
413 582 482 647 Cir·
507 578 637 667 Fredgr.
660 577 782 644 chron.
807 577 931 640 contin.
953 575 1013 638 Du
1028 572 1217 650 Chesnel,
1240 595 1273 660 p·
1296 580 1371 654 784
1394 601 1438 620 ··
1466 576 1608 641 Annales
1631 578 1753 660 Tillen.
1776 602 1828 643 an.
1851 590 1928 663 7514,
1952 584 2019 649 533,

267 680 319 759 11,
344 708 375 769 p.
401 701 450 748 aa.
474 712 518 728 ···
558 681 709 757 Loisell,
733 679 800 747 ihd·
823 702 857 764 p.
883 688 934 756 95
956 707 1000 722 -
1042 678 1185 740 Annales·
1207 675 1402 764 Eginhardi,
1426 678 1491 740 ihd.
1515 700 1548 764 p
1574 690 1645 760 234
1669 682 2017 764 inuitamenta,
2091 760 2095 764 ⁴
2224 673 2232 687 ¹

268 786 335 850 ihd.
359 810 392 872 p,
414 795 490 868 534.
511 814 556 831 -
606 786 677 851 vir.
708 781 887 868 Stephani,
919 779 985 844 ihd
1019 795 1091 864 209·
1113 809 1157 825 -
1209 781 1344 843 Annala.
1376 780 1517 860 Bertin„
1547 781 1615 845 ihd.
1647 783 1720 860 111,
1743 808 1776 872 Ρ
1810 797 1881 866 ι5ι
1905 789 2019 855 Annis.

268 890 382 955 Metts.
406 889 486 954 iba·
481 911 569 973 Ρ.
551 897 623 966 975.
655 900 718 950 act.
739 911 785 931 ·-
852 916 858 929 .

352 992 390 1065 7)
414 993 483 1056 etr.
505 994 562 1052 Du
586 990 714 1055 Chcsnc
736 988 789 1063 Π,
812 1011 844 1073 Ρ
870 999 952 1067 595,
985 984 1118 1071 sqq-
1167 987 1245 1050 Nat.
1269 927 1521 1048 Alexander
1475 1001 1581 1048 tamen
1613 985 1743 1052 eosdem
1768 990 2022 1056 Laureslmmen·

264 1091 316 1178 ses
341 1097 480 1157 Annales
504 1109 680 1177 nuncupat·
705 1091 773 1155 cfr.
798 1089 868 1153 hist.
893 1087 1004 1152 eccles.
1027 1095 1050 1151 l.
1074 1094 1095 1150 l·
1119 1114 1150 1174 Ρ.
1174 1102 1248 1169 740·
1271 1118 1305 1135 ··

353 1215 388 1290 8)
411 1210 783 1275 llucrelcrendilunt:
834 1210 1115 1294 eluctorFragmt.
1147 1207 1256 1269 histor.
1281 1209 1339 1269 Du
1362 1207 1491 1272 Chesne
1515 1209 1549 1281 l,
1574 1231 1606 1292 Ρ.
1630 1218 1710 1288 734:
1757 1213 2021 1300 „igiturl‘ippi-

270 1338 330 1378 nuc
354 1315 449 1377 millis
480 1317 616 1376 Romam
639 1313 753 1398 legatie
780 1311 978 1371 Zachariam
1000 1311 1119 1394 Papam
1152 1311 1191 1371 dc
1214 1313 1331 1396 Regno
1355 1312 1553 1374 Francorum
1578 1326 1611 1372 ct
1634 1313 1761 1396 ignavia
1785 1317 1854 1377 eius
1879 1318 2023 1402 llegibus

270 1417 445 1479 consuluit.
488 1415 593 1478 Cuius
615 1415 809 1476 auctoritate
833 1429 866 1475 ct
888 1434 955 1474 non
979 1416 1081 1473 multo
1101 1411 1169 1496 post
1193 1410 1274 1501 inffa
1295 1412 1450 1494 Stephani
1473 1413 1645 1475 Pontificia
1663 1416 1816 1491 llornani,
1839 1418 2022 1492 liuderico,

269 1520 328 1601 qui
350 1533 429 1579 tunc
461 1518 618 1600 temporis
648 1518 794 1603 regimen
827 1517 1026 1578 Francorum
1057 1516 1208 1592 tenebat,
1240 1514 1387 1598 deposito
1419 1531 1517 1597 atque
1548 1510 1593 1575 in'
1613 1515 1847 1578 Monnllerium
1882 1519 2022 1596 detruso,

268 1621 430 1704 Pippinus
459 1621 571 1680 Maior
603 1617 716 1680 domus
747 1619 820 1679 Rex
842 1619 1038 1683 Francorum
1062 1622 1185 1679 clectus
1208 1632 1241 1679 et
1264 1618 1441 1679 Suaffionia
1464 1641 1484 1676 a
1511 1612 1628 1702 saneto
1664 1614 1834 1708 Bonisocio
1861 1622 2026 1701 Mogonti-

271 1720 354 1806 nenfi
370 1718 621 1808 Arclriepiscapo
647 1737 758 1780 unctus
781 1717 823 1803 est
845 1744 929 1780 anno
949 1721 1079 1779 Domini
1101 1718 1201 1793 759.“
1224 1749 1268 1762 -
1312 1721 1404 1804 Quae
1429 1734 1537 1779 tamen
1557 1719 1595 1779 sit
1612 1719 1708 1779 huius
1727 1719 1891 1803 scriptoris
1915 1739 2026 1783 aucto·

269 1826 368 1895 ritas,
393 1822 470 1885 inde
492 1837 601 1906 patet
627 1820 714 1905 quod
737 1843 804 1882 non
828 1837 903 1882 9999
927 1836 1074 1905 tempora
1102 1819 1229 1908 llodulss
1252 1821 1337 1882 circa
1361 1843 1414 1881 an.
1438 1829 1503 1900 924
1525 1818 1641 1882 vixille
1663 1821 1806 1882 ridetur.
1853 1823 1924 1885 Cir.
1948 1826 2025 1886 Nat.

270 1926 400 1993 Alcxtlr.
424 1928 446 1985 l.
469 1930 490 1985 l.
513 1948 585 2009 Ρ.
568 1933 710 2001 7.·-45
753 1924 880 1985 Similia
903 1941 1113 1984 narraverunt
1135 1925 1311 2009 Genealog
1337 1925 1420 2009 Ilcg.
1452 1924 1572 1983 Franc.
1593 1924 1651 1983 Du
1674 1923 1862 1997 Cheancl,
1886 1925 1961 2006 796.
1987 1958 2024 1973 ·—

269 2027 391 2088 Libell.
416 2026 456 2089 de
480 2028 562 2089 Mai
586 2029 732 2099 Domus,
766 2024 832 2086 ihd.
857 2024 909 2091 11
942 2041 972 2086 9.
1013 2029 1122 2099 (cuius
1146 2041 1258 2086 auctor
1282 2043 1388 2120 tamen
1411 2023 1540 2085 sacculo
1563 2022 1692 2085 demum
1715 2024 1888 2090 undecimo
1911 2026 2026 2090 vixiffe

207 2143 212 2156 ⁵
271 2136 414 2213 putatur.
460 2128 532 2192 cfr.
563 2128 641 2191 Nat.
672 2125 806 2189 Alcxtlr.
830 2130 854 2188 l.
878 2125 931 2202 l..)
974 2127 1085 2187 auen.
1112 2130 1182 2190 vit.
1207 2128 1316 2190 Carol.
1341 2128 1460 2211 Magni
1484 2124 1552 2186 ibd.
1579 2125 1634 2202 ΙΙ,
1664 2149 1698 2210 Ρ.
1724 2126 1776 2208 69.
1797 2157 1841 2171 -·
1886 2131 2026 2192 Annales

272 2228 464 2303 Mettcnlcs,
488 2228 559 2290 ihd.
582 2229 652 2300 ΙΙΙ,
676 2251 710 2312 Ρ.
735 2238 872 2304 9.·-75
916 2227 1008 2289 Petri
1031 2216 1285 2290 Bibliotlrecar
1290 2227 1363 2289 hill.
1387 2231 1462 2290 Fre.
1487 2228 1674 2289 abbreviata
1698 2227 1763 2289 ihd.
1789 2252 1822 2313 p.
1847 2240 1921 2310 541.
1944 2263 1988 2276 -

355 2364 395 2446 9)
419 2368 559 2427 Annales
581 2361 721 2435 Loilet„
745 2360 812 2421 ihd.
839 2360 881 2433 ΙΙ,
906 2382 939 2443 Ρ.
966 2371 1018 2435 95.
1044 2361 1084 2422 nd
1108 2386 1161 2424 aa.
1186 2373 1267 2441 749:
1292 2363 1513 2440 „Burgordus
1548 2362 1827 2448 ll'irtzehnrgenjis
1854 2363 2029 2451 Episcopus

262 2459 304 2529 xet
336 2465 493 2526 Falradus
534 2462 724 2546 Capelianus
754 2461 835 2522 milli
869 2463 1000 2522 luerunt
1033 2460 1073 2521 ad
1109 2461 1304 2523 Zachariam
1337 2462 1455 2544 Papam
1487 2463 1718 2548 interrogando
1753 2465 1793 2524 do
1816 2467 1963 2548 Regibus
1994 2472 2029 2529 iu

274 2569 430 2640 Francia,
467 2568 523 2650 qui
555 2566 619 2626 illis
651 2563 850 2648 temporibus
882 2584 947 2624 non
979 2561 1135 2627 hahentes
1165 2567 1306 2648 regalem
1328 2559 1536 2646 potestatem,
1569 2563 1696 2624 sthene
1720 2564 1849 2639 fnium,
1887 2588 1925 2626 an
1950 2591 2029 2628 non.

273 2672 321 2734 Et
343 2668 516 2730 Zacharias
538 2666 625 2751 Papa
650 2664 814 2726 mondavit
843 2664 996 2747 Pippina‚
1036 2678 1073 2724 ut
1096 2667 1212 2726 malina
1244 2663 1322 2726 ellat
1345 2665 1436 2725 illum
1458 2667 1584 2753 Regem
1607 2669 1737 2738 vocari,
1763 2668 1819 2750 qui
1842 2667 2032 2750 potestatem

276 2771 428 2845 heberet,
463 2791 557 2853 quam
585 2770 697 2841 illum,
730 2768 786 2851 qui
818 2766 884 2828 lina
916 2766 1017 2851 regali
1046 2765 1203 2848 potestate
1226 2782 1387 2840 maneret,
1412 2783 1450 2828 ut
1472 2790 1539 2861 non
1563 2768 1811 2830 conturbaretur
1834 2769 1924 2831 ordo.
1975 2773 2036 2832 Per

277 2876 496 2935 auctoritatem
519 2893 594 2950 ergo
618 2867 821 2951 apostolicam
845 2867 946 2950 instit,
983 2867 1150 2949 Pippinum
1174 2888 1277 2957 regem
1292 2867 1380 2956 jieri.
1402 2897 1446 2912 -
1488 2881 1571 2946 750:
1595 2869 1754 2953 Pippinus
1771 2865 1945 2954 secundum
1971 2896 2033 2933 mo·

232 3016 236 3023 ·
279 3000 344 3038 rem
363 2974 561 3036 Francorum
583 2976 705 3033 electae
730 2970 771 3033 etl
795 2971 833 3031 ad
856 2972 978 3054 Regem
1003 2986 1035 3031 et
1058 2985 1176 3031 unctus
1198 2993 1257 3053 per
1279 2990 1407 3031 manum
1430 2969 1558 3033 sanctae
1581 2971 1755 3033 memoriae
1781 2968 1942 3061 Bonisacii
1971 2962 2064 3034 Ars

281 3072 470 3161 cliiepiscopi
494 3091 526 3137 et
549 3079 693 3136 elevatur
716 3094 733 3133 a
757 3073 890 3134 Francia
914 3074 947 3131 in
971 3073 1087 3156 Regno
1117 3070 1174 3132 luo
1197 3073 1231 3130 in
1256 3071 1430 3134 Suelhonis
1454 3075 1602 3134 civitate.
1649 3073 1835 3134 llildcricus
1859 3096 1954 3147 vero,
1979 3079 2036 3158 qui

280 3176 358 3240 ialle
387 3179 460 3240 Rex
490 3168 685 3259 vocabatur,
721 3173 906 3236 tonsuratus
931 3171 973 3234 etl
996 3189 1028 3234 et
1060 3174 1094 3232 in
1119 3171 1338 3234 Monallerum
1362 3170 1507 3234 miffns.“
1532 3204 1570 3216 -
1617 3174 1689 3236 Cir.
1716 3177 1801 3235 Ann.
1827 3176 1952 3235 Tilian.
1977 3179 2034 3237 Du

281 3279 411 3342 Chcsne·
431 3278 483 3351 ΙΙ,
508 3300 539 3361 Ρ.
566 3294 615 3337 aa.
659 3279 744 3338 Anu.
769 3273 971 3359 Eginhardi,
1006 3273 1072 3335 ihd.
1106 3282 1179 3352 234.
1207 3305 1244 3316 -
1289 3275 1373 3334 Ana.
1399 3274 1529 3335 adelmi
1551 3275 1723 3336 Benedict.
1748 3273 1879 3337 Frehcr.
1903 3281 1925 3336 l.
1951 3281 1973 3337 l.
1998 3301 2033 3362 p.

281 3392 337 3459 85.
363 3411 402 3423 ·-
448 3382 584 3440 Annals.
615 3378 767 3439 Fuldens.
800 3379 858 3436 Du
890 3376 1018 3438 chesne
1054 3375 1120 3437 ihil.
1150 3399 1181 3459 p.
1203 3383 1275 3452 534.
1300 3404 1339 3416 -
1385 3379 1469 3436 Anu.
1494 3376 1619 3438 Berlin.
1646 3375 1712 3437 ibcl.
1736 3377 1809 3440 ΙΙΙ.
1832 3399 1866 3462 Ρ.
1894 3388 1963 3454 959.
1989 3408 2029 3422 ···
2114 3383 2120 3391 ’

281 3483 406 3545 Chron.
430 3478 745 3554 Hildensbeimenle,
769 3477 837 3539 ihd.
861 3501 895 3564 p.
918 3476 992 3556 506·
1017 3506 1057 3521 -
1080 3481 1212 3540 Annala.
1237 3478 1352 3538 incert.
1378 3493 1465 3537 auct.
1489 3477 1575 3562 apud
1597 3477 1772 3541 Pithoeum
1793 3501 1826 3564 Ρ.
1849 3477 1881 3541 6·
1904 3509 1948 3523 -
1978 3481 2034 3542 tti-

282 3585 385 3647 moini
410 3584 591 3645 continuat.
615 3593 655 3659 4,
678 3579 738 3643 61..
754 3610 797 3625 -
1451 3563 1455 3575 ⁶

367 3699 422 3775 ιο)
444 3701 613 3763 Pertinent
637 3699 700 3760 huc
731 3697 810 3759 haec.
839 3697 967 3760 Natalis
994 3697 1176 3760 Alexandri
1209 3697 1305 3759 verba
1330 3696 1367 3772 (1.
1391 3701 1413 3759 1.
1438 3720 1472 3783 p.
1496 3699 1606 3780 739.):
1652 3697 1859 3774 „Vetilimile
1885 3721 1952 3761 non
1976 3700 2031 3773 etl.

284 3802 473 3867 Zachariam
496 3825 514 3861 n
536 3799 663 3862 luorum
686 3798 879 3861 decollatum
902 3800 1051 3862 doctrina
1074 3815 1105 3861 99
1128 3799 1212 3860 ledis
1231 3798 1432 3883 Apostolicae
1456 3799 1634 3863 traditione
1658 3801 1821 3865 deiecilie·
1867 3805 1911 3863 At
1934 3802 1972 3863 ah
1996 3825 2032 3864 ea
2067 3802 2118 3867 ⁸¹.

284 3904 468 3979 deiecillct,
507 3903 530 3965 sa
569 3901 790 3964 childericum
832 3903 964 3962 tertium
998 3901 1250 3973 exauctorallot,
1283 3902 1499 3985 Regnumque
1532 3902 1572 3963 ad
1603 3903 1781 3988 Pippinum
1812 3901 2033 3966 tranatulillet.

283 4005 457 4093 Pugnailet
479 4007 565 4067 enim
589 4027 661 4065 cum
684 4002 830 4065 doctrina
859 4001 1005 4082 Gregorii
1022 3999 1157 4088 secundi
1181 4024 1197 4062 a
1222 4001 1406 4063 Maioribus
1422 4020 1567 4087 accepta,
1592 4005 1650 4087 qui
1673 4006 1707 4064 in
1732 4003 1865 4088 Epist.l
1888 4004 1928 4065 ad
1950 4006 2037 4068 Len·

283 4129 358 4172 aem
391 4105 532 4168 Isauram
566 4108 800 4190 Imperatorem
832 4105 878 4166 ita
917 4103 1059 4187 scriplit:
1114 4103 1302 4178 ‚„,ldcirca
1336 4102 1476 4188 Ecclejiis
1505 4102 1678 4188 praepositi
1704 4102 1782 4191 [unt
1817 4103 1981 4194 Pontifices
2015 4132 2034 4166 a

290 4205 493 4291 Reipublicae
520 4210 654 4288 negotiis
684 4206 892 4274 abstinentem
923 4222 952 4265 et
977 4206 1187 4288 imperatores
1217 4226 1294 4283 ergo
1310 4203 1455 4289 fimiliter
1477 4205 1516 4266 ah
1542 4203 1759 4290 Ecclefiasticis
1783 4205 1977 4279 abstineant,
2004 4224 2036 4268 et

286 4334 369 4400 quae
385 4307 446 4396 fili
469 4306 630 4395 cammiffa
647 4303 743 4393 sunt,
775 4305 1009 4396 capeffant.“‘⁸
1053 4309 1097 4367 Et
1119 4304 1220 4389 Epill.
1245 4307 1296 4368 Il:
1341 4308 1491 4381 „„Nam
1521 4308 1782 4393 quemadmodum
1817 4303 1966 4399 Pontifex
1994 4312 2039 4368 iss-

288 4409 494 4500 trainciendi
518 4414 550 4471 in
576 4411 738 4469 Palatium
759 4410 943 4492 potestatem
967 4431 1028 4469 aaa
1052 4405 1165 4480 hahet,
1191 4430 1229 4466 ac
1252 4407 1423 4486 dignitates
1448 4409 1552 4490 rpgias
1576 4404 1758 4499 deserendi:
1789 4408 1837 4497 fic
1860 4433 1963 4496 raeque·
1980 4414 2036 4470 im·

287 4531 421 4600 perator
443 4511 474 4571 t'n
500 4508 648 4596 Ecclefiot
674 4507 919 4598 introspiciendi
952 4529 982 4571 et
1007 4511 1173 4572 electiones
1197 4511 1229 4568 ira
1258 4508 1349 4571 Clcro
1370 4510 1585 4592 peragendi.“
1609 4539 1648 4553 ›-

375 4612 430 4690 aa)
453 4613 506 4676 ux
527 4610 591 4675 hoc
613 4633 731 4701 genere
754 4615 928 4700 praecipua
957 4610 1088 4674 Natalis
1116 4610 1304 4673 Alexander
1320 4608 1359 4672 ad
1376 4608 1613 4674 defendendam
1627 4627 1726 4700 atque
1747 4610 1904 4676 tuendam
1925 4609 2040 4676 horum

1686 4733 1720 4801 U
1852 4770 1860 4795 .
