4590 5364
117 4422 130 4463 b

900 378 1266 448 -,‚..

209 570 402 641 Praeterea
426 563 519 637 haec
543 551 713 637 manens
738 559 911 637 Maioris.
928 561 1067 637 domus
1100 557 1327 662 prorogatio
1351 538 1553 659 praecipue
1578 581 1778 661 propterea
1811 588 1959 641 memo·

209 701 296 757 ratu
323 677 534 782 digniffima
561 676 623 769 est,
649 681 755 780 quod
782 677 883 778 quasi
907 678 1146 778 principium
1170 697 1210 753 et
1242 677 1542 755 fundamentum
1575 683 1680 756 illius
1713 681 1958 779 haereditatis
2081 697 2088 703 ’

208 801 327 889 iuris,
354 798 459 899 quod
483 799 642 900 muner-i¹
674 798 845 905 Maioris⁴
872 797 1011 895 domus
1043 798 1204 896 Pippiui
1238 817 1424 896 tanquam
1458 801 1662 896 proprium
1697 791 1960 888 vindicarunt,

67 953 69 963 ·
207 904 505 1012 stude'videtur.
568 917 681 1016 Quod
707 917 863 1016 quidem
895 915 1115 992 hereditatis
1133 911 1202 992 ’ius
1235 918 1345 1017 prius
1359 942 1362 948 ¹
1378 917 1531 991 nemini
1565 943 1613 991 ex
1638 914 1959 1006 ministerialibus,
2109 968 2117 979 ι

207 1035 281 1113 nist
305 1037 482 1137 regibus,
509 1036 640 1132 eisque
667 1019 941 1111 consuetudine
974 1036 1117 1136 magis,
1154 1061 1269 1134 quam
1304 1036 1454 1135 legibus
1491 1059 1513 1109 a
1546 1038 1699 1112 Francis
1736 1035 1957 1135 penniffum

208 1154 342 1241 suerat.
394 1156 520 1253 Atque
545 1157 600 1229 ita
625 1157 814 1242 videmus,
840 1153 1037 1251 quomodo
1055 1155 1225 1230 Maiores
1251 1157 1390 1229 domus
1417 1149 1553 1229 sensim
1591 1155 1800 1252 sensimque
1826 1155 1960 1231 omnia

202 1300 248 1348 ea
274 1275 359 1347 iura
374 1272 453 1352 ,libi
477 1266 739 1372 vindicarint,¹
754 1298 851 1369 quae
876 1273 984 1369 prius
1011 1271 1059 1347 ad
1084 1298 1190 1374 reges
1216 1273 1320 1349 solos
1345 1273 1623 1369 pertinuerant,
1656 1298 1777 1370 usque
1803 1276 1968 1349 tandem‘

90 1392 93 1398 “
205 1418 296 1466 cum
324 1393 487 1469 nomine
512 1394 631 1491 regali
655 1392 792 1493 regalis
819 1391 900 1489 ipsa
927 1390 1096 1492 dignitas
1122 1392 1341 1502 Maioribus
1367 1376 1508 1465 domus
1533 1417 1556 1466 a
1582 1393 1740 1497 Francis
1767 1392 1958 1489 impertie-
2080 1416 2093 1441 ‘

205 1511 330 1584 batur.
355 1545 408 1564 -·
458 1510 568 1601 Licet
592 1536 685 1586 vero
711 1511 1004 1585 warnacharius
1031 1512 1131 1585 haud
1158 1509 1443 1586 minimumad
1465 1510 1680 1609 augendam
1704 1510 1867 1582 Maioris
1895 1513 1961 1584 do·

203 1654 293 1703 mus
320 1625 543 1726 potestatem
569 1629 911 1725 auctoritatemque
936 1628 1138 1710 contulisse
1162 1630 1360 1704 videatura
1385 1645 1516 1701 nmen
1541 1628 1645 1701 haud
1671 1627 1761 1714 scio,
1787 1653 1835 1701 an
1855 1651 1960 1722 praa·
1985 1724 1988 1729 ν

201 1748 310 1844 cipui
335 1745 510 1821 infinitae
534 1747 653 1820 hauus
677 1743 934 1820 ministerialis
960 1750 1156 1843 potentiae
1180 1765 1354 1821 auctores
1381 1771 1429 1821 ex
1455 1760 1567 1843 gente
1587 1742 1845 1841 Pippinorum
1870 1769 1958 1839 pro·

204 1862 358 1937 dierint.
411 1867 503 1944 urat
526 1861 605 1939 stne
631 1864 750 1937 dubio
774 1865 855 1936 iam
879 1862 1028 1937 dudum
1052 1865 1143 1938 huic
1168 1863 1428 1961 Pippinotum
1453 1859 1561 1958 ffirpi
1598 1863 1738 1937 eximia
1776 1863 1975 1957 quaedam

202 1983 309 2057 inter
333 1977 537 2056 Austrasios
560 1984 782 2071 auctoritas,
807 2006 880 2057 nec
906 1983 1048 2079 opibus
1073 1983 1231 2071 miuus,
1257 2007 1374 2079 quam
1399 1978 1558 2057 consilio
1583 1977 1742 2056 valuisse
1767 1980 1960 2055 videntur.
2075 2024 2078 2033 ·

170 2082 472 2195 'Chlotbarium
495 2105 536 2173 11
558 2100 666 2175 enim
689 2101 883 2198 imprimis
909 2126 1063 2198 quoque
1089 2102 1257 2197 Pippino
1282 2107 1313 2188 1,
1352 2122 1470 2199 quem
1503 2123 1524 2173 a
1550 2101 1696 2173 Laudis
1730 2099 1960 2173 recentiores

177 2244 189 2306 Ἰ
204 2218 544 2319 cognominarunt,
569 2237 609 2292 et
631 2218 799 2292 Amulio
825 2218 1073 2321 suadentibus
1098 2206 1374 2294 Austraiiorum
1400 2242 1564 2319 regnum
1589 2214 1786 2316 suscepisse
1804 2218 1959 2315 scripto·

203 2362 268 2411 res
295 2336 506 2410 memoriae
528 2329 827 2426 addiderunt&
875 2344 964 2410 Hac
992 2337 1250 2432 Pippinorum
1284 2355 1399 2436 gente
1435 2333 1587 2411 fortasse
1611 2339 1804 2411 maiorum
1838 2335 1961 2409 virtus
2049 2380 2052 2385 ·

201 2473 435 2552 patrumqtm
461 2434 583 2550 gloria
608 2478 691 2525 non
712 2469 822 2550 ¹grata
850 2453 976 2524 solum
1001 2452 1285 2540 recordatione,
1320 2454 1384 2527 sed
1410 2449 1624 2549 dignillima
1651 2477 1805 2549 quoque
1831 2478 1959 2525 aemu-

201 2573 347 2645 latione
371 2570 420 2641 ad
443 2564 673 2664 posteritatis
698 2594 821 2671 usque
843 2568 1072 2647 memoriam
1097 2594 1182 2647 non
1205 2567 1286 2643 line
1315 2567 1433 2643 laude
1464 2571 1760 2671 propagabatur.
1822 2570 1958 2643 Avitae

201 2712 355 2765 morum
379 2688 572 2761 maiorum
596 2686 801 2784 probitatis
827 2705 868 2761 et
889 2685 1146 2783 fimplicitatis
1170 2684 1275 2761 haud
1299 2687 1526 2793 immemor,
1541 2685 1732 2784 Pippinus
1758 2711 1779 2759 a
1808 2688 1954 2762 Laudis

199 2801 528 2902 fortasl'eprimus
554 2805 773 2893 intellexit,
806 2822 1050 2910 quantopere
1076 2804 1266 2879 muliebre
1298 2806 1471 2905 regimen
1508 2829 1531 2893 a
1565 2805 1690 2905 gentis
1726 2811 1959 2881 Francorum

201 2926 334 2999 indole
355 2922 470 3020 sitque
492 2941 631 2997 natura
657 2921 858 2996 abhorreat
864 2950 878 3008 ς
904 2923 1109 3010 intellexit,
1136 2948 1256 2997 unam
1281 2929 1447 2999 Francos
1473 2920 1521 2996 ad
1546 2919 1748 3019 pristinam
1771 2925 1957 3001 virtutem

199 3040 405 3119 revocandi
431 3059 470 3115 et
491 3043 549 3115 ita
575 3041 737 3116 salutm
771 3041 922 3115 civitati
947 3041 1151 3138 reparandi
1186 3044 1293 3116 viam
1325 3042 1581 3116 strationem
1607 3042 1652 3117 in
1678 3067 1721 3115 ea
1754 3046 1958 3119 concordia

200 3160 363 3258 politam
397 3157 491 3247 ell'e,
526 3183 604 3256 qua
637 3156 880 3234 chlodoveus
914 3161 1012 3234 olim
1047 3160 1155 3235 suam
1188 3158 1258 3233 sibi
1293 3160 1458 3261 gloriam
1491 3180 1789 3265 comparaverat.
1857 3169 1960 3259 Quae

200 3277 357 3376 quidem
381 3279 592 3353 concordia
614 3302 848 3378 quamquam
880 3279 1095 3353 chlotharii
1126 3280 1356 3354 Monarchia
1381 3277 1504 3352 redire
1528 3276 1754 3365 videbatur,
1792 3303 1876 3352 eam
1902 3299 1956 3354 ta·

200 3421 292 3471 tucn
310 3395 505 3483 virtutem,
532 3420 650 3493 quam
665 3387 753 3494 ipfis
766 3393 1098 3471 turbtdentissimis
1116 3397 1283 3473 civitatis
1303 3394 1586 3493 tempestatibus
1606 3421 1702 3484 non,
1723 3395 1795 3472 nisi
1814 3396 1956 3498 singuli

198 3515 343 3589 salvam
368 3510 502 3587 sibiet
527 3515 767 3590 incolumem
801 3516 1095 3605 conservarent,
1125 3539 1198 3591 nec
1232 3517 1476 3616 Merovingis
1510 3538 1584 3589 nec
1619 3515 1696 3589 toti
1722 3521 1959 3590 francorum

198 3632 306 3730 genti
331 3631 413 3727 ipse
437 3632 632 3728 Pippinus
656 3631 860 3708 rellaurare
881 3637 1028 3731 pontit.
1090 3640 1288 3732 Quantum
1320 3659 1413 3709 vero
1452 3633 1696 3715 Chlotharius
1722 3638 1760 3708 11
1796 3634 1956 3735 Pippini

200 3752 336 3864 virtuti
361 3749 613 3824 tribuendum
637 3753 841 3847 putaverit,
869 3779 914 3826 eo
942 3754 1032 3827 satis
1058 3753 1253 3849 probavit,
1279 3753 1386 3849 quod
1402 3751 1528 3824 lilium
1537 3753 1814 3850 Dagobertum,
1842 3777 1957 3848 quem
2039 3733 2045 3741 ⁵

197 3868 311 3965 regni
335 3869 567 3966 participem
587 3868 664 3943 sibi
685 3866 838 3956 feceret,
864 3871 950 3945 eius
975 3874 1116 3945 tutelae
1140 3886 1257 3969 atque
1279 3866 1464 3966 praesidio
1488 3867 1689 3945 commisit.
1703 3862 1736 3960 ³)
1789 3872 1953 3943 Nullum

198 3985 307 4059 enim
333 3985 487 4083 digruus
501 3989 744 4081 ,meritorum
767 3989 982 4083 praemium
1006 3989 1096 4065 viro
1118 3987 1276 4066 honesto
1314 3988 1435 4063 tribui
1460 4004 1635 4085 poterat,
1671 3987 1738 4062 cui
1765 4011 1853 4060 vera
1880 3989 1960 4063 vir·

199 4119 265 4180 tus
293 4117 333 4176 et
356 4107 524 4180 mammo
551 4106 681 4181 decori
705 4124 746 4181 et
768 4103 979 4183 firmissimo
1004 4126 1084 4183 erat
1106 4105 1308 4207 praefidio.

301 4357 390 4455 Qho
419 4359 559 4432 artiore
584 4377 714 4433 autem
738 4361 794 4434 ita
826 4246 1294 4436 umffimdsnis⁰vtncrao
1331 4362 1414 4434 Rex
1440 4376 1478 4432 et
1514 4358 1644 4434 Maior
1679 4359 1817 4436 domnis
1858 4385 1950 4437 con*

199 4474 469 4577 imtgebantur,
498 4500 545 4548 eo
570 4477 694 4577 magis
719 4494 760 4550 et
784 4479 958 4576 penitius
983 4478 1049 4553 hic
1072 4481 1177 4554 illius
1203 4478 1507 4553 imbecillitatem
1532 4496 1573 4553 et
1596 4478 1863 4555 infirmitatem
1888 4506 1950 4553 co·
2098 4528 2101 4532 -

198 4594 378 4692 Μαῖα
400 4595 542 4693 pontit.
595 4590 797 4696 Postquam
820 4597 929 4673 enim
965 4598 1134 4680 Maiores
1156 4594 1300 4675 domus
1325 4597 1425 4697 regia
1451 4599 1614 4687 tutelam
1639 4598 1756 4679 semel
1780 4600 1950 4695 suscepe-
