4590 5364
960 319 1015 342 ·-
1116 236 1395 383 pne-‘⁸'

271 500 365 579 alter
391 493 520 581 frater,
549 492 708 589 Grippo,
737 489 840 565 solus
868 491 1039 565 aemulus
1066 510 1104 565 et
1130 493 1364 569 adversarius
1391 512 1480 569 erat.
1532 496 1785 600 Parricidium
1817 496 2025 596 verojl’ip·
2064 585 2081 606 ,

270 615 357 710 pini
382 615 506 686 virtus
533 634 616 687 non
643 611 773 682 minus
801 611 1020 707 respuebat,
1059 614 1180 709 quam
1202 614 1299 686 salus
1340 617 1506 690 civitatis
1533 617 1645 716 regni
1685 615 1744 689 sui
1777 617 2025 690 incolumita-

269 751 348 805 tem
384 732 554 830 flagitare
590 729 808 829 videbatur..
867 735 1109 827 Quapropter
1143 730 1301 805 fratrem
1319 735 1542 831 -liberatum
1580 736 1719 832 opibus
1754 735 2023 831 locupletabat,

207 861 214 874 “
272 840 490 923 honoribus
519 843 737 941 ornabatff)
789 845 841 918 At
865 848 930 958 hic
954 848 1014 935 iis,
1044 874 1138 947 quae
1164 877 1186 923 a
1211 838 1326 935 fratre
1353 851 1555 948 acceperat,
1581 879 1665 927 non
1693 873 1911 942 contentus,
1938 878 2026 928 coa-

270 968 448 1066 ctossatis
477 967 672 1064 frequenti
697 967 858 1061 populo,
886 966 1058 1061 primum
1083 967 1128 1058 in
1155 970 1331 1059 Saxonis,
1346 962 1548 1067 ⁸)-‘deinde
1574 968 1618 1043 in
1655 966 1902 1064 Baiuvaria⁰)
1930 970 2025 1069 sedi·
2071 1040 2077 1051 x

268 1089 396 1159 tiones
424 1088 471 1158 ad
504 1086 713 1182 imperium
739 1082 808 1154 fibi
835 1084 1113 1158 vindicandum
1137 1080 1328 1160 movebat.
1388 1088 1484 1164 Inde
1509 1088 1631 1163 redux
1664 1087 1787 1170 factus
1822 1109 1862 1161 et
1895 1089 2025 1162 denuo
2121 1174 2124 1179 ¹

269 1205 483 1278 maioribus
514 1204 652 1300 opibus
680 1227 701 1274 a
727 1203 894 1299 Pippino
921 1205 1190 1300 locupletatus,
1216 1207 1474 1283 nihilominus
1501 1188 1634 1281 tamen
1656 1200 1802 1297 iterum
1835 1206 1885 1278 ad
1918 1205 2025 1283 Wai-

175 1372 202 1382 .‚
271 1321 455 1412 sariunr,¹
458 1321 493 1414 ⁰)
522 1324 657 1394 ducem
683 1319 922 1416 Aquitaniae,
951 1320 1224 1422 confugiebat
1226 1342 1266 1398 et
1288 1317 1391 1399 inde
1404 1324 1561 1407 tandem
1588 1327 1638 1400 ad
1660 1322 2024 1413 ahistulfum-Lon·

271 1444 531 1542 gobardorum
556 1431 695 1539 regem,
721 1439 1004 1536 profecturus
991 1469 1035 1513 ιιι
1062 1442 1211 1537 proelio
1232 1406 1432 1565 quodam
1426 1439 1696 1524 interficitur.1
1699 1439 1735 1536 ¹)
1747 1444 1875 1547 Ωιιοᾶ
1893 1466 2025 1539 quam·

193 1646 196 1658 s
272 1586 389 1658 quam
416 1561 547 1659 primo
575 1559 729 1647 demum
755 1557 866 1657 regni
900 1560 1057 1655 Pippini
1092 1584 1196 1634 anno
1231 1563 1379 1652 evenit,
1414 1563 1495 1634 iam'
1525 1561 1634 1674 prius
1668 1579 1797 1656 tamen
1834 1560 2033 1663 Pippiuua
2151 1655 2156 1664 Ι

243 1683 507 1754 ,Francorum
532 1676 602 1750 fibi
626 1677 893 1751 reconciliatae
919 1677 1082 1750 fiduciae
1108 1679 1195 1775 plus
1222 1678 1390 1752 tribuere
1415 1646 1518 1775 posse
1556 1680 1724 1775 putabat,
1753 1704 1869 1777 quam
1895 1675 2025 1761 ftattis

269 1793 556 1892 intempestivae
593 1776 781 1866 audaciae.
846 1797 916 1899 llla
952 1798 1058 1866 enim
1093 1792 1346 1866 firmiffimum
1373 1814 1506 1868 contra
1541 1797 1641 1896 hanc
1674 1796 1900 1892 praesidium
1934 1811 2023 1868 erat.

164 1980 169 1992 ‚
206 2011 209 2014 .
268 1922 464 1986 Praeterea
490 1913 680 2009 Pippinus
708 1902 843 1982 ornnes
870 1911 1056 2002 finitimas
1085 1931 1217 2010 gentes
1245 1912 1387 1987 senfim
1408 1890 1617 2011 sensimque
1643 1915 1916 1988 Francorum
1903 1937 2024 2010 rmpe·
2046 1996 2049 2001 ⁸

270 2033 331 2105 rio
360 2025 487 2103 denuo
514 2029 773 2119 subiecerat3
771 2046 809 2099 et
835 2026 1013 2100 intestina
1040 2034 1277 2103 Francorum
1304 2029 1509 2104 concordia
1536 2034 1644 2106 illam
1666 2035 1823 2117 civitati
1859 2023 2044 2153 duorum⁸
2113 2011 2129 2029 χ

167 2147 177 2166 ‘
271 2161 463 2222 annorum
482 2149 658 2243 quietem
685 2148 860 2242 parabat,
896 2172 991 2242 quae
1018 2147 1214 2257 Pippino
1220 2173 1267 2219 ex
1292 2147 1361 2233 iis,
1391 2146 1486 2244 quae
1520 2167 1606 2222 tum
1631 2141 1740 2248 pater
1775 2169 1816 2223 et
1840 2144 2021 2234 maiores,
2087 2184 2092 2191 ·

269 2285 355 2339 tum
381 2268 470 2362 ipse
487 2285 624 2366 egerat,
654 2265 823 2338 summos
850 2283 888 2335 et
914 2263 1014 2360 quasi
1042 2282 1247 2354 extremos
1259 2263 1408 2335 fructus
1436 2286 1627 2360 reportare
1651 2271 1808 2349 licebat..
1868 2273 2027 2364 Quanto
2083 2326 2085 2335 .

271 2410 362 2460 vero
390 2386 442 2454 ita
470 2385 630 2479 propior
656 2400 694 2454 et
720 2382 821 2479 quasi
849 2380 1115 2453 coniunctior
1121 2381 1253 2450 Maior
1279 2378 1417 2452 domus
1444 2385 1622 2472 Francia,
1651 2403 1760 2458 tanto
1798 2385 2022 2458 remotiores

262 2487 471 2576 ¹necessario
492 2519 539 2573 et
565 2500 768 2572 alieniores
795 2499 934 2570 Franci
959 2497 1029 2593 ipfi
1056 2522 1077 2568 a
1105 2471 1348 2593 Merovingis
1385 2482 1538 2572 fiebant
1605 2502 1811 2575 childerici
1838 2508 1894 2575 111
1919 2501 2028 2574 enim
2120 2558 2122 2562 .

150 2635 154 2642 '
188 2608 194 2617 ⁴
268 2605 514 2693 imbecillitas
542 2637 655 2714 atque
693 2595 833 2687 inertia
868 2615 990 2685 nimis
1028 2640 1049 2686 a
1082 2615 1245 2711 Pippini
1262 2617 1319 2683 111
1353 2612 1499 2684 virtute
1534 2633 1647 2711 atque
1682 2620 1818 2717 vigore
1853 2615 2021 2705 distabat,
2110 2644 2116 2661 ·

268 2763 394 2833 neque
423 2735 683 2869 opportunius
710 2735 758 2805 ad
783 2732 966 2807 ultimam
988 2731 1111 2828 ipsam
1137 2730 1460 2845 Merovingorum
1484 2734 1791 2810 recordationem
1815 2761 1836 2807 e
1858 2741 2024 2815 Franco·

270 2880 358 2926 rum
394 2854 533 2925 animis
569 2853 684 2948 plane
713 2848 920 2926 delendam
963 2869 1115 2948 tempus
1154 2874 1328 2946 unquam
1362 2873 1539 2946 apparere
1576 2852 1760 2947 potuit.
1781 2853 1884 2950 Quid
1917 2853 2024 2933 enim

178 2964 182 2983 ⁴
270 2992 376 3044 nunc
402 2972 548 3044 Maiori
572 2969 721 3056 domus,
748 2946 895 3064 praeter
920 2975 1152 3067 Francorum
1178 2964 1490 3059 benevolentiam
1516 2985 1553 3038 et
1570 2967 1762 3057 fiduciam,
1791 2967 1838 3042 ad
1857 2995 2022 3083 regnum
2059 3044 2070 3053 ,

272 3089 341 3165 fibi
366 3089 645 3163 vindicandum
679 3113 775 3188 opus
810 3080 918 3164 erat?
968 3093 1076 3164 Num
1108 3055 1314 3185 apostolica
1346 3083 1440 3174 illa,
1476 3109 1599 3184 quarn
1628 3104 1773 3166 vocant
1807 3087 2021 3186 scriptores,

67 3258 73 3268 ·
113 3222 116 3231 “
158 3196 195 3268 '-
257 3205 513 3288 auctoritas?

1093 3401 1195 3494 bt·
1275 3424 1309 3441 ·“

373 3572 600 3683 Plerumque
617 3586 720 3661 enim
739 3605 777 3662 et
801 3590 857 3662 ab·
875 3586 1160 3685 antiquioribus
1183 3602 1222 3657 et
1242 3611 1264 3658 a
1284 3581 1562 3660 recentioribus
1586 3572 1763 3660 historiae
1786 3589 2020 3662 Francorum

269 3701 520 3798 scriptoribus
547 3726 742 3794 narratur,
770 3709 1001 3803 Pippinum,
1025 3703 1251 3800 priusquam
1284 3696 1386 3775 avita
1423 3705 1748 3804 Merovingorum
1783 3704 1865 3776 sede
1900 3701 2021 3798 potiri
2085 3726 2088 3732 ·

271 3822 381 3894 ausus
408 3820 464 3909 fit,
492 3827 637 3922 legatos
665 3827 712 3896 ad
738 3808 982 3910 Zachariam,
1003 3826 1272 3896 Rornanorum
1294 3840 1391 3916 tunc
1417 3824 1661 3919 Episcopum,
1688 3820 1820 3893 misrsse
1838 3818 1887 3890 de
1905 3845 2019 3918 quae·

269 3936 402 4028 stione,
432 3961 590 4028 „utrum
616 3943 670 4029 is,
700 3944 767 4039 qui
793 3945 837 4015 in
862 3940 1097 4015 Francorum
1137 3964 1258 4039 regno
1286 3939 1420 4021 omnia
1446 3958 1484 4011 et
1510 3935 1744 4012 administret
1778 3955 1816 4010 et
1853 3955 2019 4038 peragat,

206 4139 208 4143 ‚
271 4081 320 4128 an
346 4061 391 4138 is,
421 4062 486 4157 qui
513 4085 584 4133 nec
611 4060 657 4132 de
684 4060 846 4132 civitate
868 4057 1187 4152 administranda,
1217 4060 1362 4131 neoda
1395 4059 1520 4131 bellis.
1541 4055 1720 4156 gerendis
1753 4056 1940 4129 sollicitus
1976 4056 2021 4128 in

269 4176 376 4281 ¹villis
403 4179 562 4249 mollem
589 4195 627 4251 et
654 4175 826 4252 otiosam.
841 4170 965 4252 vitam
991 4182 1123 4265 ducat,
1144 4177 1289 4271 merito
1310 4203 1378 4249 rex
1401 4181 1639 4261 Francorum
1668 4175 1801 4257 haberi
1827 4193 1869 4247 et
1891 4174 2019 4270 appel·

180 4341 183 4347 -
269 4295 344 4365 lari
368 4291 517 4389 pollit.“
553 4303 635 4394 Qua
654 4299 704 4371 de
728 4294 945 4397 quaestione
972 4297 1071 4370 hanc
1096 4292 1477 4368 Zachariamdixille
1503 4293 1746 4383 sententiam,
1771 4294 1807 4367 ai
1833 4293 1922 4365 iure.
1939 4312 2018 4362 me·

270 4413 419 4510 rituque
446 4414 544 4509 regis
580 4396 741 4491 nomen.
754 4436 792 4491 et
827 4417 1056 4517 dignitatem
1081 4412 1150 4489 esse
1177 4412 1478 4500 concedendam,
1514 4413 1582 4507 qui
1607 4412 1687 4485 iam
1713 4411 1863 4485 dudum
1885 4405 2017 4480 omnia

191 4550 194 4559 ·
266 4530 367 4631 regis
393 4530 548 4630 negotia
574 4548 621 4604 et
641 4531 768 4608 officia.
788 4533 950 4609 obiisset.
1004 4539 1092 4609 Hoc
1115 4532 1237 4630 igitur
1261 4529 1441 4626 responso
1467 4530 1606 4620 relato,
1629 4537 1815 4608 rences,
1842 4547 2017 4611 &381010
