4590 5364
207 272 223 328 l

231 524 304 589 dem
338 522 434 589 modo
466 527 606 612 regslem
635 519 842 607 potestatem,
872 518 995 583 bortum
1026 485 1151 605 quippe
1172 518 1326 584 omuibus
1347 518 1539 584 hereditatis
1568 521 1641 586 iure
1663 545 1681 586 r
1703 537 1796 608 petre
1818 525 1990 602 relietum,

230 651 331 714 aequo
355 628 444 704 lance
474 625 579 687 dividi
602 622 743 708 potuisse
765 621 963 706 putaverim.
1006 621 1083 684 Peri
1105 621 1203 684 inodo
1224 623 1357 687 Annali.
1382 623 1498 689 Metts.
1521 625 1581 685 Du
1604 624 1735 688 Chesne
1755 628 1820 702 111,
1844 650 1877 712 p.
1902 643 1982 701 271:

228 729 370 815 Kerolus
401 727 537 812 Pippini
558 722 791 790 llcristellenfis
813 721 925 798 fitius,
943 721 1158 786 moribundus
1179 722 1427 813 „Principem
1454 723 1547 788 suum
1570 727 1657 789 iuter
1679 727 1766 793 filios
1787 726 1988 814 suossmquo

365 832 372 846 ·
401 832 408 846 ·
465 827 487 859 n

229 829 510 1017 ιωέιέιῦοὲοῐ.
535 932 615 992 Tur.
637 943 677 1006 3,
706 926 749 1003 6,
781 924 868 990 unde
892 941 1024 1011 apparet
1045 926 1219 1011 praecipue
1241 942 1373 990 matrem
1396 925 1637 1006 Chlothildem,
1677 951 1761 1012 quse
1783 931 1935 993 iniuriam
1968 953 1986 991 s

113 1062 119 1075 s
231 1033 417 1118 perentibus
447 1032 505 1093 fibi
535 1034 663 1092 allatam
691 1027 890 1090 vindicatam
919 1032 1040 1102 vellet,
1072 1026 1172 1089 huius
1195 1026 1336 1090 filiorum
1359 1024 1545 1091 Chlod'orei
1569 1029 1791 1114 expeditionis
1821 1047 2004 1093 auctoremt

228 1133 332 1196 fuisse.
359 1136 427 1198 cfr.
453 1134 550 1217 Greg.
575 1135 655 1192 Tur.
679 1143 719 1206 3,
751 1148 801 1193 ιι.
846 1130 991 1191 Αὶιιιοὶιι.
1016 1143 1054 1202 ιι,
1077 1137 1108 1204 3.
1139 1140 1171 1204 7.
1195 1127 1277 1197 Hid.
1301 1133 1381 1214 epit.
1405 1152 1433 1192 c.
1456 1139 1500 1208 34
1519 1160 1564 1174 -
1585 1146 1637 1209 37.
1664 1131 1746 1193 Geli.
1779 1154 1845 1219 reg.
1870 1133 1983 1195 Fiunt.

226 1257 252 1297 c.
279 1248 328 1296 ιι.
351 1262 396 1279 -·
440 1233 539 1319 Quod
567 1253 647 1293 vere
676 1229 904 1292 Theodericus
933 1228 1018 1290 bruc
1039 1229 1289 1313 expeditionem
1305 1231 1398 1291 simul
1420 1253 1494 1292 cum
1518 1233 1672 1295 fratribus
1696 1231 1857 1317 suscipere
1886 1255 1985 1318 negr-

224 1337 293 1409 rit,
317 1358 384 1410 „eo
407 1335 495 1418 qnod
518 1334 585 1395 silis
607 1331 693 1417 regis
716 1329 924 1416 sigismundi
942 1328 1019 1391 ell'et
1040 1345 1142 1414 nupta
1171 1331 1241 1405 illi,
1265 1333 1374 1415 neptis
1395 1331 1563 1394 videlicet
1577 1335 1662 1419 regis
1687 1333 1881 1410 Godniri,“
1902 1335 1980 1397 sctis

226 1436 375 1510 tollatur,
408 1450 561 1518 quintam
591 1431 826 1495 discordiarum
855 1432 1134 1516 opportunitstem
1163 1431 1250 1515 ipsse
1273 1453 1322 1493 res
1346 1428 1538 1497 domesticae
1560 1435 1848 1520 regempreebere
1869 1451 1985 1519 potue·

223 1539 299 1600 einr.
322 1566 368 1582 -
389 1538 458 1599 Csr.
488 1537 540 1598 1.-
568 1537 730 1618 eouqudte
746 1531 786 1596 de
813 1536 847 1596 ls
866 1533 1066 1620 Bourgogne
1086 1553 1145 1617 prr
1173 1536 1220 1596 les
1242 1531 1292 1596 fils
1315 1532 1356 1595 de
1378 1535 1496 1598 Cleris
1518 1534 1558 1609 1,·
1587 1555 1646 1619 prr
1665 1536 1710 1599 L·
1719 1535 1814 1600 Abbi
1836 1534 1945 1610 Ferret,
1966 1533 1983 1594 'a

224 1639 316 1701 Paris
340 1648 431 1716 1730.
451 1666 496 1682 -

306 1739 344 1819 4)
369 1740 465 1825 Greg.
491 1741 570 1803 Tur.
594 1753 632 1817 3,
655 1746 687 1817 4.
711 1750 742 1814 7.
765 1748 797 1816 3.
822 1738 966 1805 Aimoin.
992 1751 1029 1811 c,
1052 1756 1085 1819 9.
1109 1735 1194 1800 cett.
1217 1738 1299 1822 Reg.
1323 1736 1397 1798 Fre.
1421 1758 1450 1800 c.
1476 1752 1528 1798 se.

307 1838 344 1916 5)
369 1839 465 1925 Greg.
490 1843 570 1902 Tur.
593 1853 625 1916 3,
652 1856 701 1902 ιο.
747 1840 946 1902 Amslrricus
970 1838 1124 1899 nimirum
1146 1837 1246 1899 lilim
1270 1834 1460 1898 Chlodovei·
1479 1858 1616 1899 uxorem
1637 1837 1785 1902 duxerit.
1808 1841 1922 1928 (βας.
1947 1852 1979 1918 3.

224 1941 268 2016 ι).
317 1944 426 2026 Quae,
451 1961 525 2003 cum
547 1939 792 2004 cathoueomm
815 1939 997 2003 doctrinm
1018 1938 1099 2000 essct
1119 1935 1244 2012 secute,
1267 1937 1473 1998 Amelrrieuc
1504 1954 1618 2000 contre
1638 1941 1711 2001 Arii
1742 1939 1884 2002 bretessn
1918 1964 1983 2003 em·

223 2048 374 2126 plexetus
398 2041 485 2117 effer,
510 2064 527 2102 s
551 2043 667 2104 merito
690 2043 737 2103 ite
759 2056 876 2102 vexate
899 2040 995 2102 tuille
1018 2039 1158 2111 dicitur,
1182 2051 1219 2098 ut
1242 2033 1448 2100 childeberti
1474 2039 1583 2101 fratris
1606 2041 1766 2101 currilium
1789 2043 1983 2125 implorare·

221 2146 277 2205 rit.
323 2142 547 2227 Expeditione
570 2143 672 2226 igitur
694 2144 798 2214 fron,
822 2155 856 2202 et
876 2139 1060 2201 Amilos-ico
1083 2139 1261 2199 interfecto
1284 2136 1443 2198 libeurit
1465 2137 1697 2201 childebertus
1719 2139 1878 2204 sororem.
1909 2144 1979 2206 cfr.

221 2247 306 2307 Aim.
333 2239 634 2326 2,3.Gest.1lcg.
658 2242 772 2302 Franc.
797 2262 825 2302 c.
851 2253 901 2317 23.
925 2240 1064 2322 Procop.
1088 2236 1238 2299 debello
1262 2235 1361 2298 Goth.
1389 2255 1428 2309 t,
1453 2257 1480 2299 c.
1508 2251 1547 2314 13
1569 2237 1649 2300 edit.
1674 2239 1788 2305 Clrud.
1816 2243 1976 2318 Mcltreti,

219 2346 320 2406 Pstis.
346 2342 438 2406 2662.
460 2373 505 2387 -
547 2342 671 2402 Differt
693 2332 929 2423 eliquentuium
950 2338 1105 2420 Procopii
1129 2337 1290 2406 narratios
1316 2336 1404 2418 quod
1429 2359 1501 2398 cum
1524 2339 1558 2396 in
1583 2342 1699 2402 ceteris
1723 2363 1873 2426 quoque,
1897 2367 1979 2429 quse

218 2445 399 2529 Procopius
422 2459 454 2504 ct
476 2440 635 2528 Agatbiss
658 2438 698 2500 de
720 2439 853 2499 Francis
876 2451 1107 2510 nomrerunt,
1131 2458 1150 2495 ι
1175 2430 1342 2518 lllnscovio
1366 2436 1432 2494 ism
1456 2436 1660 2498 observatum
1683 2441 1738 2514 sit,
1771 2458 1806 2502 et
1835 2463 1905 2504 eum
1938 2447 1977 2506 ad

190 2518 356 2605 ¹nostram
379 2564 445 2604 rem
469 2539 686 2602 illustrandum
708 2534 905 2600 Francorum
928 2560 1001 2600 cum
1025 2535 1145 2601 Gothis
1167 2533 1361 2598 commercio
1382 2534 1454 2600 sere
1478 2534 1565 2601 nibil
1585 2538 1726 2616 socient,
1766 2542 1921 2628 Procopii
1946 2562 1983 2607 et

147 2700 152 2705 .
223 2644 386 2731 Agathiae
409 2641 591 2705 testimoniis
614 2641 726 2703 efferre
747 2645 844 2725 plene
874 2640 975 2704 omisi.
998 2667 1043 2685 ·-

305 2743 344 2820 6)
370 2745 467 2831 Greg.
492 2745 570 2804 Tur.
596 2755 637 2820 3,
663 2759 713 2824 29.
758 2742 903 2805 Aimoio·
928 2756 965 2816 ι,
991 2758 1042 2822 19.

301 2849 337 2922 7)
366 2845 436 2907 lbd.
460 2861 498 2922 3,
517 2859 571 2921 32.
597 2843 653 2904 ibd
676 2860 716 2917 e,
749 2858 801 2905 os.
823 2871 869 2887 -
965 2872 970 2881 ·

300 2947 337 3026 8)
360 2947 431 3010 Ilid.
456 2960 487 3024 3,
514 2959 565 3021 23.
588 2944 742 3006 Ilnbsbst
763 2945 916 3005 nimirum
929 2940 1157 3006 Theudoricus
1180 2936 1283 3005 lilium
1305 2938 1586 3026 Theodohortum,
1610 2947 1734 3037 (Greg.
1758 2958 1796 3030 3,
1824 2947 1873 3028 ι)
1889 2956 1981 3017 cuiue

216 3047 429 3113 mansuetudo
452 3047 554 3107 enimi
579 3067 651 3106 cum
675 3047 710 3106 in
733 3047 807 3108 eliis
829 3047 966 3120 multis,
991 3059 1059 3105 tum
1082 3045 1117 3104 in
1139 3043 1204 3106 hoc
1225 3046 1403 3129 praecipue
1424 3047 1656 3130 praedicatur,
1681 3051 1771 3135 quod
1792 3055 1895 3138 patri.
1919 3055 1982 3116 ius.

215 3151 264 3212 sui
295 3172 361 3211 non
394 3149 687 3232 obtemperaverit,
718 3146 773 3209 sed
804 3144 954 3229 Gyruldo
985 3140 1074 3207 selvo
1105 3146 1182 3231 fugo
1214 3143 1350 3206 evadere
1380 3148 1577 3229 permiserit.
1603 3149 1725 3239 (Greg.
1749 3163 1789 3230 3,
1824 3161 1875 3234 24.
1901 3157 1978 3232 25.)

217 3253 306 3311 Huic
328 3249 472 3311 successit
496 3271 562 3310 non
584 3253 685 3335 longo
709 3250 882 3312 intervallo
906 3245 1097 3330 iuterpolito
1119 3245 1206 3307 lilius
1228 3243 1494 3324 Theodobcldus,
1520 3250 1578 3334 qui
1602 3265 1712 3315 temen
1735 3274 1803 3323 non
1826 3259 1921 3320 telem
1946 3255 1978 3316 se

215 3349 398 3434 praebuisse
421 3350 570 3426 ridetur,
594 3351 700 3434 quelis
721 3367 815 3435 pstor
837 3347 933 3410 suiss'e
955 3347 1086 3409 dicitur.
1112 3346 1210 3432 (ἕως.
1234 3356 1273 3424 4,
1304 3365 1336 3428 9.
1359 3377 1403 3391 -

301 3449 339 3536 9)
364 3452 460 3538 Greg.
487 3452 565 3513 Tur.
589 3436 689 3528 3,'7:
734 3453 844 3526 „Cum
866 3465 974 3512 sutem
997 3447 1103 3510 adbuc
1133 3446 1308 3532 supradicti
1331 3469 1423 3535 reges
1447 3452 1482 3512 in
1506 3450 1689 3540 Thoriugic
1712 3453 1978 3534 effent,-·'1'heo·

215 3552 349 3616 doricus
373 3550 600 3614 Chlotbsrium
624 3553 756 3614 intrem
778 3551 870 3615 suum
893 3549 1040 3615 occidere
1063 3549 1188 3622 voluit,
1229 3564 1263 3610 et
1284 3553 1484 3635 praeparetis
1508 3557 1637 3616 occulte
1660 3578 1734 3619 cun
1769 3560 1873 3622 ermis·
1897 3563 1978 3624 viris

214 3675 287 3714 eum
310 3652 350 3715 sd
373 3652 542 3729 sevocat,
567 3654 654 3737 quali
676 3653 831 3716 secretius
855 3676 928 3715 cunr
950 3673 989 3715 eo
1013 3649 1140 3735 aliquid
1163 3664 1369 3724 tractaturus,
1394 3652 1605 3738 expansoque
1629 3657 1663 3716 its
1687 3674 1779 3741 perte
1802 3659 1918 3723 domus
1942 3663 1980 3722 il.

214 3753 279 3814 lius
301 3755 444 3817 tentorio
467 3753 508 3817 de
530 3776 597 3817 uno
620 3756 739 3840 parieti
762 3755 796 3814 in
819 3758 976 3827 alterum,
1000 3768 1138 3814 rrmrtos
1159 3750 1229 3836 post
1252 3772 1325 3813 eum
1347 3749 1426 3813 terre
1461 3752 1564 3816 iubet.
1613 3756 1763 3843 Cumque
1795 3733 1974 3824 teirtorium

215 3852 297 3915 illud
326 3853 401 3918 ell'et
429 3855 581 3931 brevius,
611 3853 710 3940 pedes
739 3869 934 3916 armatorum
963 3867 1184 3937 apparuerunt
1214 3850 1348 3915 detecti.
1405 3851 1507 3938 Quod
1537 3856 1736 3944 cognosceus
1759 3859 1972 3925 Cblotlrrrius

215 3972 288 4016 curn
312 3954 378 4016 suis
402 3974 540 4021 rrmttus
564 3952 721 4042 ingreffus
743 3952 788 4017 esi
808 3950 977 4017 domum.“

300 4054 355 4127 ιο)
379 4054 474 4142 Greg.
499 4070 537 4134 3,
563 4067 620 4136 13:
665 4055 917 4133 „Theodericus
938 4072 1020 4116 rere
1042 4067 1077 4116 et
1098 4051 1328 4117 childebertus
1351 4053 1469 4119 foedus
1492 4059 1657 4134 inierunt,
1689 4077 1724 4125 et
1746 4060 1823 4126 dcto
1848 4062 1904 4126 uti
1928 4064 1979 4126 sa·

216 4170 405 4232 cremento,
429 4170 467 4218 ut
488 4174 605 4221 neuter
624 4173 742 4221 contre
762 4160 900 4220 rlterurn
922 4169 1126 4228 moveretur,
1156 4155 1282 4218 obsides
1311 4155 1519 4239 abinvicem
1550 4177 1762 4245 receperunt,
1795 4184 1862 4251 quo
1893 4168 1974 4228 ssci-

211 4259 277 4320 lius
299 4256 519 4333 firmarentur,
550 4280 634 4342 quse
667 4262 803 4322 fuerent
820 4259 907 4321 diets
939 4291 1108 4321 .........
1164 4254 1227 4317 Sed
1250 4271 1324 4320 orto
1347 4258 1466 4320 iterum
1490 4263 1579 4323 inter
1607 4282 1702 4348 reges
1731 4263 1903 4342 scandalo,
1936 4267 1975 4329 tul

212 4358 381 4423 servitium
403 4359 573 4444 publicum
597 4359 672 4420 sunt
694 4358 860 4421 addicti.“
881 4387 927 4405 -·
1119 4420 1127 4443 ⁸
1750 4388 1753 4393 ·

299 4460 356 4535 ιι)
380 4461 479 4548 Greg.
503 4461 583 4520 Tttr.
606 4472 646 4537 3,
663 4460 722 4538 ¹28.
768 4450 918 4523 Aihrcitt.
941 4473 972 4535 n,
1000 4467 1051 4538 18.

297 4559 356 4640 ιι)
377 4556 482 4649 orig.-
506 4561 586 4626 tun
607 4565 649 4642 4,
683 4570 750 4640 sse·
769 4557 832 4627 tbi·
856 4568 915 4640 ι’).
931 4573 993 4625 cor
1021 4582 1114 4640 „····
1131 4584 1181 4612 ···
1198 4561 1235 4628 io
1254 4564 1391 4654 ngurio
1411 4562 1583 4637 cuiusdsm
1607 4575 1823 4660 preponentes
1834 4570 1983 4637 telarum.
