4590 5364
915 300 1278 397 ..275-

210 494 1162 609 11111,ξο110111011111110011111110111101111111
1189 504 1392 608 utramque
1426 529 1573 608 partem
1608 512 1801 614 disputare
1835 516 1957 610 liceat,

210 633 482 734 investigemus
508 629 649 707 necesse
675 627 736 705 est.
790 632 963 702 Primum
989 631 1111 729 igitur
1135 628 1337 702 veritatem
1365 632 1427 704 v'el
1452 631 1826 731 verisimilitudinem
1844 640 1957 715 surius

208 755 312 850 pacti
339 751 548 826 Grimoaldi
575 751 742 837 audacia,
769 746 953 823 desun'cto
981 750 1184 848 sigiberto,
1211 748 1240 823 fi
1272 772 1356 822 non
1384 751 1499 846 plane
1526 757 1786 848 comprobare,
1813 757 1959 838 susten·

208 889 289 946 tare
315 891 443 946 tamen
470 870 754 968 quodammodo
781 887 895 966 atque
920 867 1098 940 adiuvare
1126 865 1288 942 videtur.
1342 876 1443 942 Nam
1470 870 1590 956 causa,
1621 896 1689 944 cur
1714 876 1959 952 Grimoaldus

209 987 294 1087 post
320 991 498 1090 sigiberti
525 991 678 1063 obitum
704 989 814 1060 suum
840 985 957 1084 ipsrus
985 987 1111 1059 filium
1136 987 1182 1058 in
1201 990 1374 1088 -regalem
1392 988 1517 1066 sedem
1542 986 1761 1064 substituere
1781 997 1959 1084 voluerit,

207 1134 292 1183 non
316 1127 416 1186 recte
451 1109 703 1206 intelligitur,
737 1104 811 1179 nisi
846 1106 925 1177 iam
960 1125 1070 1178 antea
1103 1103 1221 1205 regni
1258 1107 1705 1204 occupandiquoddam
1741 1110 1961 1187 desiderium

207 1209 324 1303 suerit
350 1227 570 1314 excitatum,
599 1245 637 1302 et
661 1226 725 1299 via
751 1223 1046 1323 quodammodo
1073 1218 1300 1313 monstrata,
1336 1248 1412 1324 qua
1445 1226 1535 1301 huic
1572 1219 1753 1306 defideiio
1789 1233 1962 1306 satisfieri

205 1341 327 1446 possit.
383 1352 465 1418 Hac
492 1344 737 1440 adoptatione
762 1369 854 1417 vero
883 1362 921 1438 et
947 1345 1182 1417 excitabatur
1208 1342 1451 1432 desiderium,
1480 1363 1518 1419 et
1550 1346 1638 1433 via,
1676 1373 1750 1445 qua
1786 1350 1959 1438 satisfieri

205 1462 316 1560 pollit
333 1464 536 1554 desiderio,
564 1465 711 1560 optime
735 1459 1022 1536 monstrabatur.
1060 1463 1141 1537 Nifi
1168 1463 1269 1537 forte
1289 1464 1501 1562 Dagoberti
1526 1463 1707 1553 infantia,
1736 1471 1959 1564 perturbata

207 1583 379 1657 civitatis
408 1584 605 1670 conditio,
632 1599 671 1654 et
695 1582 818 1653 nimia
851 1581 1036 1677 quaedam
1073 1581 1286 1657 Grimoaldi
1320 1582 1483 1656 honoris
1519 1602 1557 1655 et
1592 1587 1736 1683 gloriae
1773 1589 1961 1685 cupiditas

207 1704 357 1776 causam
382 1703 574 1787 idoneam,
603 1726 671 1772 cur
696 1701 750 1770 ita
771 1700 908 1795 egerit,
934 1684 1192 1795 praebuerint
1226 1701 1646 1775 110116111101111111
1674 1729 1754 1776 non
1782 1706 1850 1777 srbi
1878 1709 1959 1804 ipss,

196 1808 269 1893 ἱ1111
295 1819 378 1893 filio
417 1820 581 1917 regalem
609 1800 837 1914 dignitatem
863 1818 1059 1889 vindicare
1086 1817 1327 1890 conabatur?
1366 1832 1433 1889 cur
1456 1835 1563 1914 pater
1589 1817 1661 1891 filii
1696 1820 1813 1918 ipstus
1841 1825 1961 1922 imps-

204 1938 267 2012 rio
294 1939 331 2011 se
357 1937 551 2022 subiicere,
580 1959 694 2031 quam
721 1927 929 2031 imperium
962 1933 1042 2029 ipse
1078 1934 1265 2030 suscipere
1297 1933 1563 2008 1111011111-
1589 1943 1820 2033 Propterea,
1857 1945 1962 2039 quod

205 2055 417 2158 sigibertus
444 2080 526 2128 non
552 2061 716 2152 patrem,
739 2053 803 2126 sed
829 2051 955 2125 silium
980 2051 1157 2124 heredem
1182 2041 1464 2151 sibi'elegerat.
1518 2059 1575 2158 Ita
1609 2081 1693 2130 non
1727 2059 1856 2155 inepte
1892 2064 1960 2136 ali·
2054 2078 2081 2131 ·,

207 2177 293 2273 quis
321 2175 548 2257 concludam
576 2198 625 2245 an
652 2189 764 2258 recte,
793 2168 967 2243 dubitare
993 2169 1095 2242 licet.
1147 2171 1301 2245 Deinde
1327 2167 1381 2245 ita
1407 2169 1559 2245 sortasse
1581 2153 1696 2247 huius
1723 2179 1959 2255 narrationis

204 2294 406 2371 veritatem
432 2292 533 2366 alius
561 2288 752 2374 defendat,
771 2306 824 2381 ‚ut
849 2287 963 2373 dicat,
983 2289 1058 2359 hoc
1085 2289 1350 2363 Grimoaldum
1375 2286 1477 2364 inter
1504 2309 1541 2364 et
1555 2292 1789 2390 sigibertum
1815 2299 1861 2369 de
1882 2300 1961 2372 suc.

86 2443 90 2447 ·
205 2409 362 2488 cessione
388 2414 546 2505 pactum
571 2432 654 2478 non
680 2404 835 2498 publica
863 2405 1099 2489 auctoritate,
1130 2407 1192 2478 sed
1218 2410 1316 2477 clam
1342 2424 1380 2478 et
1407 2401 1639 2482 clandestino
1668 2412 1770 2506 quasi
1808 2413 1959 2490 foedere

206 2530 352 2604 sactum
377 2523 498 2608 tuille,
526 2526 592 2610 ita,
619 2539 664 2594 ut
690 2520 909 2617 aequalibus
937 2523 983 2594 de
1010 2522 1080 2592 hac
1113 2546 1154 2593 re
1188 2514 1380 2617 quandam
1414 2525 1597 2596 notitiam
1635 2525 1705 2597 sibi
1744 2554 1961 2626 comparare

205 2670 257 2720 ne
282 2645 434 2720 licuerit
461 2643 629 2739 quidem.
690 2639 759 2724 At,
786 2634 814 2710 11
839 2663 890 2710 10
926 2640 1100 2735 aequales
1134 2638 1291 2735 quidem
1325 2638 1526 2737 scriptores
1565 2635 1775 2741 quidquam
1811 2647 1856 2720 de
1891 2652 1961 2724 hac

206 2791 247 2840 re
273 2778 637 2846 commemorarunt,
664 2757 768 2830 unde
793 2758 948 2829 tandem
974 2756 1186 2855 Sigibertus
1213 2750 1513 2860 Gemblacenfis,
1540 2761 1610 2856 qui
1636 2761 1784 2857 saeculo
1820 2766 1961 2842 duode·
2003 2835 2009 2844 .

132 2869 136 2875 ¹
206 2885 308 2959 cimo
333 2881 446 2966 vixit,
476 2874 596 2967 (obiit
621 2899 654 2948 1.
685 2878 805 2964 1113)
833 2874 932 2947 hanc
956 2876 1140 2948 notitiam
1165 2875 1366 2973 percepit?
1390 2908 1444 2930 -·
1477 2880 1578 2950 Sunt
1598 2878 1686 2954 sanc
1720 2884 1847 2956 multo
1874 2889 1959 2980 plu·

184 3028 257 3091 ⁶ra,
287 3025 392 3100 quae,
421 3013 536 3095 quam
561 2994 651 3067 ficta·
673 2992 720 3067 fit
746 3018 934 3090 quamque
960 2994 1092 3088 inepta
1118 2993 1184 3065 1111
1210 2994 1392 3084 narratio,
1419 2992 1509 3069 satis
1535 2991 1727 3074 testantur.
1794 3003 1849 3073 Ac
1883 3005 1977 3098 pri?

204 3147 315 3197 mum
341 3117 497 3217 quidem
523 3136 729 3188 commune
751 3112 945 3196 omnium.
960 3111 1191 3205 scriptorum
1219 3113 1266 3185 de
1300 3114 1371 3186 1110
1404 3138 1445 3188 re
1479 3111 1673 3188 silentium
1709 3142 1895 3217 magnum
1923 3143 1960 3195 et

205 3265 320 3341 grave
347 3254 480 3311 contra
512 3235 629 3307 huius
664 3232 720 3304 rei
744 3230 946 3304 veritatem
971 3229 1126 3324 praebet
1151 3225 1426 3306 testimonium.
1461 3232 1562 3305 Nam
1589 3235 1750 3334 cogitari
1778 3230 1857 3309 rix'
1872 3256 1958 3334 pot·

206 3355 268 3446 est,
294 3353 439 3432 licuisse
459 3353 654 3452 'sigiberto
682 3351 798 3423 talem
823 3347 900 3420 fine
927 3354 1164 3421 Francorum
1189 3348 1376 3422 consensu
1401 3367 1441 3423 et
1474 3348 1552 3424 fine
1590 3354 1667 3425 ulla
1704 3355 1859 3449 publica
1894 3381 1957 3430 au·

205 3477 382 3559 ctoritate
406 3473 626 3570 predonem
651 3468 785 3555 facere,
813 3493 921 3565 quae,
948 3463 1021 3543 nisi
1046 3491 1068 3538 a
1093 3468 1261 3554 Francis,
1290 3468 1359 3566 qui
1382 3494 1489 3569 reges
1514 3469 1585 3542 fibi
1611 3470 1681 3568 ipfi
1699 3451 1839 3572 eligere
1864 3498 1957 3548 con·

204 3598 415 3679 sueverant,
443 3591 611 3686 probata,
638 3589 788 3661 nullam
812 3611 987 3683 unquam
1012 3584 1095 3659 11111
1121 3603 1159 3658 et
1194 3589 1461 3660 auctoritatem
1490 3590 1626 3662 habere
1651 3582 1833 3685 potuerit.
1889 3594 1956 3666 sin

206 3740 297 3791 vero
334 3708 516 3788 omnibus
552 3707 707 3780 Francis
742 3703 1095 3790 consentientibus,
1132 3722 1169 3777 et
1203 3702 1354 3783 sortasse
1396 3707 1440 3777 in
1476 3707 1634 3803 publico
1669 3709 1739 3783 illo
1764 3703 1955 3797 concilio,

209 3856 286 3930 quo
319 3830 457 3906 Franci
495 3824 704 3925 quotannis
731 3821 908 3895 Calendis
942 3824 1098 3895 Martiis
1125 3823 1333 3896 convenire
1359 3823 1553 3912 solebant,
1590 3827 1800 3925 sigibertus
1833 3826 1957 3901 filimn
2004 3911 2009 3916 ,

205 3947 416 4024 Grimoaldi
442 3939 685 4020 successorem
708 3940 780 4016 fibi
805 3936 982 4040 elegisset,
1008 3936 1226 4013 Annalistae
1253 3958 1292 4013 et
1317 3943 1598 4017 chronicorum
1636 3945 1837 4040 scriptores
1875 3971 1957 4020 rem

205 4066 308 4141 tanti
332 4052 522 4138 momenti
546 4080 748 4160 tantaeque
775 4058 976 4160 gravitatis
1002 4058 1229 4157 neutiquam
1254 4060 1371 4155 plane
1398 4061 1576 4161 ignorare
1612 4059 1830 4157 potuissent.
1881 4066 1956 4138 De·

129 4176 133 4183 ¹
205 4187 298 4261 inde
322 4206 413 4258 1010
443 4183 702 4279 quaerendum
728 4174 789 4268 est,
816 4205 885 4254 cur
910 4177 1121 4277 sigibertus
1147 4177 1194 4250 de
1219 4175 1423 4253 successore
1448 4180 1655 4267 sollicitus,
1680 4204 1764 4254 non
1784 4179 1953 4272 fratrem,

207 4303 485 4389 Chlodoveum,
511 4301 579 4398 qui
604 4296 903 4375 Neusiraliorum
928 4319 1092 4394 regnum
1117 4313 1214 4368 tune
1238 4297 1405 4382 tenebat,
1433 4298 1591 4394 eiusque
1616 4295 1730 4384 filios,
1758 4324 1854 4397 quos
1881 4319 1956 4376 tres

205 4422 388 4507 habebat,
422 4414 657 4513 respexerit?
693 4452 747 4471 -
796 4403 904 4489 Num
938 4415 1106 4509 denique
1138 4412 1238 4483 illud
1277 4398 1481 4509 probabile?
1511 4416 1689 4489 videatur
1723 4413 1814 4506 esse,
1853 4418 1958 4517 quod

208 4542 403 4638 princeps,
429 4535 494 4615 sex
517 4530 771 4612 ritualium
795 4531 866 4609 vix
888 4532 1063 4632 peractis,
1091 4530 1154 4606 cui
1179 4533 1471 4626 necconnubii
1495 4558 1568 4610 nec
1590 4536 1714 4633 prolis
1745 4536 1827 4637 spes
1846 4541 1958 4636 plane

1513 4674 1598 4748 11
