4590 5364
1033 228 1463 374 -ra··-¹

347 514 403 594 tra
428 515 519 566 vero
545 512 661 562 nemo
662 471 906 574 dubitabit,
919 488 1016 585 quin
1041 487 1264 588 Dagoberto
1302 469 1487 563 defuncto
1522 489 1715 587 Pippinus
1741 516 1788 568 re
1814 473 1912 568 vera
1936 503 2101 571 munere

346 584 509 687 Maioris
539 611 674 683 domus
702 603 974 680 Austrafiorum
998 626 1168 680 ornatus
1184 607 1327 696 suerit,
1348 609 1547 684 omnibus
1586 610 1731 686 scilicet
1764 608 2036 711 scriptoribus
2052 613 2100 688 de

344 719 421 807 hoc
449 728 785 805 consentientibus.
803 720 836 818 2)
892 729 1005 824 Quod
1030 751 1196 814 mamus,
1223 728 1446 826 legitimum
1470 731 1577 802 velut
1595 732 1894 827 patrimonium,
1924 733 2101 831 quamvis

348 863 430 924 non
457 849 535 921 fine
563 849 729 919 aliorum
753 845 902 918 invidia
929 852 1042 942 atque
1070 847 1343 934 contentione,
1361 838 1394 939 ³)
1423 848 1607 923 defuncto
1640 852 1807 947 Pippirro
1846 850 1962 949 ipfius
1998 851 2102 926 filius

349 970 590 1051 Grimoaldus
618 957 852 1061 suscepit,.4)
880 966 1172 1062 susceptumque
1198 963 1225 1036 fi
1251 991 1334 1038 non
1370 992 1487 1064 aequa
1526 972 1774 1067 temperantia
1810 990 1849 1044 et
1883 971 2098 1069 prudentia,
2173 1044 2178 1057 Δ

239 1086 241 1091 ’
347 1115 429 1163 ιιοιι
456 1089 534 1160 fine
559 1088 703 1160 virtute
731 1105 861 1159 tamen
888 1085 1087 1181 animique
1112 1086 1247 1184 vigore
1274 1083 1566 1161 administrabat.
1622 1092 1734 1186 Quod
1759 1116 1851 1165 vero
1871 1092 1982 1185 supra
2005 1089 2099 1177 dixi,

347 1207 560 1303 Pippsnum
578 1190 800 1277 I'nondum
826 1205 936 1302 regni
961 1202 1031 1276 fibi
1057 1206 1209 1301 suisque
1247 1206 1472 1278 vindicandi
1506 1193 1717 1304 cupiditate
1750 1206 1934 1308 flagrasse,
1972 1231 2100 1304 neque

350 1325 466 1412 aliud,
493 1324 565 1398 nifi
591 1323 834 1421 Merovingis
861 1342 1061 1426 paternam
1079 1376 1080 1379 ,
1095 1325 1279 1397 virtutem
1312 1349 1481 1422 reparare
1513 1352 1751 1425 regnumque
1772 1324 1951 1417 stabilire
1986 1343 2100 1424 atque
2132 1422 2134 1427 Ι
2219 1393 2223 1396 .

350 1444 585 1530 confirmare,
615 1443 815 1520 confilium
840 1442 1081 1538 persecutum
1108 1441 1237 1524 fuisse,
1273 1442 1377 1516 idem
1404 1470 1517 1542 quam
1543 1470 1630 1518 vere
1658 1446 1842 1536 dixerim,
1877 1443 1969 1519 inde
2000 1469 2099 1544 quo·

349 1591 424 1662 que
451 1565 583 1666 colligi
609 1559 872 1659 potestquod
898 1561 945 1635 de
972 1561 1172 1635 successore
1198 1561 1343 1634 scilicet
1367 1588 1450 1637 non
1478 1565 1675 1673 sollicitus,
1704 1584 1894 1662 quantum
1930 1590 1978 1637 ex
2012 1563 2100 1637 fon-

351 1686 455 1771 tibus
483 1681 694 1779 perspicere
719 1681 824 1769 licet,
853 1683 900 1754 ad
926 1681 998 1753 filii
1025 1684 1251 1755 electionem
1276 1683 1380 1756 nihil
1407 1682 1606 1757 contulisse
1622 1675 1793 1758 ridetur.
1860 1682 1932 1756 Sed
1968 1678 2101 1778 potius

349 1801 621 1874 Austrafiorunt
648 1800 797 1884 fiducia,
827 1792 940 1894 quam
967 1802 1155 1892 Pippinus
1182 1799 1251 1868 fibi
1279 1821 1573 1893 comparaverat,
1589 1798 1622 1891 ⁵)
1651 1805 1694 1874 in
1722 1793 1944 1876 Grimoaldo
1981 1799 2101 1897 patris

350 1919 622 1992 fortitudinem
651 1935 763 2013 atque
789 1917 974 1989 virtutem
1000 1915 1143 1986 iterum
1167 1917 1344 1987 invenire
1378 1917 1618 2015 opinabatur.
1632 1911 1667 2009 ⁶)
1723 1924 1836 2015 Quod
1864 1920 1967 1993 enim
2008 1919 2126 1992 olim

262 2037 264 2039 ’
349 2039 456 2138 genti
483 2037 806 2132 Merovingorum
831 2059 994 2132 regnum
1021 2020 1253 2108 stancorum
1282 2054 1585 2130 comparaverat,
1612 2038 1715 2108 idem
1741 2063 1847 2109 nunc
1882 2039 1989 2136 genti
2014 2037 2104 2131 Pip-

349 2158 531 2252 pinianae
558 2178 707 2225 munus
728 2155 924 2226 Maiorum
952 2150 1090 2225 domus
1116 2148 1389 2223 Austrafiorum
1417 2169 1600 2247 tanquam
1632 2157 1834 2250 proprium
1869 2153 2102 2240 vindicabat,

307 2368 309 2371 Ι
349 2297 465 2373 grata,
494 2277 664 2370 inquam,
693 2291 878 2368 paternae
898 2270 1056 2344 virtutis
1083 2269 1309 2342 recordatio.
1336 2306 1395 2349 ,-
1449 2276 1509 2341 De
1548 2273 1720 2344 Grimoal
1704 2270 1810 2344 ldo
1797 2272 1918 2370 igitur
1944 2273 1988 2343 in
2014 2273 2102 2342 Vita
2181 2280 2190 2347 g

350 2393 530 2493 sigiberti
557 2393 657 2493 regis
684 2393 775 2463 talia
800 2406 1018 2474 narrantur,
1047 2412 1160 2483 quae,
1182 2385 1208 2457 fi
1234 2413 1324 2461 vera
1351 2386 1478 2474 essent,
1505 2414 1590 2460 non
1617 2387 1875 2462 difficileefiet
1894 2390 2110 2486 explicatu·,'

344 2512 685 2612 ‚quomodoregni
718 2509 912 2604 cupiditas
948 2507 1165 2579 Maioribus
1202 2509 1340 2577 domus
1376 2505 1494 2576 fuerit
1529 2507 1701 2578 excitata.
1772 2506 1882 2601 Dicit¹
1900 2508 2103 2594 ¹nimirum

350 2653 494 2716 auctor,
524 2631 755 2726 sigibertum
781 2628 834 2696 ita
862 2622 1075 2695 Grimoaldi
1102 2622 1264 2692 Maioris
1292 2622 1430 2692 domus
1457 2620 1639 2696 fidelitate
1675 2640 1787 2719 atque
1822 2651 1977 2698 morum
2014 2649 2103 2722 pro·
2178 2684 2183 2692 .

304 2841 314 2853 ἢ
350 2751 468 2820 bitate
496 2745 605 2817 fuisse
632 2731 872 2828 delectatum,
898 2758 944 2812 ut
970 2741 1057 2814 eius,
1079 2737 1204 2813 filium
1232 2737 1515 2851 Childebertum
1541 2741 1621 2837 ipse
1648 2744 1757 2841 regni
1783 2743 1842 2815 sui
1868 2763 1907 2814 et
1923 2740 2102 2817 successo·

349 2892 431 2939 rem
458 2882 494 2936 et
520 2866 697 2936 heredem
725 2861 905 2959 elegerit,
940 2883 982 2933 ea
1008 2874 1135 2930 tamen
1165 2859 1401 2945 conditione,
1430 2876 1475 2930 ut
1499 2886 1595 2947 non,
1623 2859 1696 2933 nifi
1722 2879 1807 2934 tum
1836 2861 2100 2938 childebertus
2205 2879 2214 2890 ·

350 3002 513 3082 regnum
540 2983 882 3079 susciperet,stcum
907 2979 993 3075 ipsev
1012 2975 1094 3050 filio
1123 2978 1277 3050 orbatus
1312 2979 1438 3050 vitam
1470 2977 1649 3052 finiverit.
1712 2987 1798 3054 Hoc
1833 2999 1945 3078 pacto
1980 2980 2100 3078 igitur

353 3100 587 3201 sigibertum
613 3102 723 3175 inter>
743 3118 780 3172 et
807 3099 1073 3175 Grimoaldum
1098 3096 1152 3167 ita
1180 3095 1301 3183 sacto,
1322 3096 1519 3195 sigibertov
1540 3096 1641 3170 filius
1679 3100 1866 3186 nascitur,
1906 3100 2103 3198 Dagober·

352 3240 425 3309 tus,
456 3223 521 3319 qui
550 3219 770 3309 Grimoaldo
799 3217 1017 3292 educandus
1043 3217 1227 3302 traditur,
1256 3217 1320 3302 ita,
1348 3234 1399 3286 nt¹
1418 3233 1574 3310 pactum
1609 3217 1708 3302 illud
1733 3245 1803 3314 pro
1831 3219 1943 3292 irrito
1969 3217 2102 3291 habea·

350 3360 424 3426 tur,
455 3360 492 3412 et
517 3367 624 3412 nunc
650 3365 733 3411 non
761 3337 1044 3421 Childebertus,
1065 3334 1128 3406 sed
1155 3334 1333 3432 sigiberti
1359 3331 1474 3429 ipfius
1501 3335 1625 3422 filius,
1654 3338 1916 3436 Dagobertus,
1954 3356 2101 3436 patrem

353 3485 399 3530 ex
426 3457 506 3532 iure
534 3458 752 3531 hereditatis
780 3456 885 3552 sequi
912 3454 1044 3526 debeat
1053 3447 1100 3542 ⁷).
1148 3459 1207 3524 De
1223 3455 1297 3524 hoc
1316 3453 1498 3551 sigiberti
1516 3478 1604 3526 cum
1627 3456 1848 3528 Grimoaldo
1869 3459 1970 3530 inito
1990 3473 2101 3552 pacto

352 3602 471 3672 pauca
500 3577 666 3649 disserere
693 3574 894 3670 praecipue
920 3589 1118 3668 propterea
1156 3595 1239 3642 non
1273 3569 1504 3665 superfluum
1542 3571 1739 3662 duxerim,
1775 3575 1878 3671 quod
1915 3592 2102 3670 quantum

354 3696 532 3792 equidem
560 3697 646 3778 scio,
675 3717 747 3762 nec
775 3689 1023 3785 antiquiores,
1051 3712 1124 3760 nec
1150 3689 1392 3775 recentiores,
1421 3689 1489 3784 qui
1516 3691 1561 3762 de
1594 3694 1837 3793 Merovi'ngi‘s
1865 3692 2100 3787 scripserunt,

353 3817 399 3889 de
426 3805 506 3891 hoc
526 3816 635 3885 Vitae
662 3810 840 3910 sigiberti
866 3810 960 3883 loco
981 3809 1191 3907 quidquam
1228 3809 1442 3908 accuratius
1471 3807 1730 3883 disseruerunt.
1744 3804 1778 3900 8)
1832 3818 1932 3880 Nam
1959 3811 2103 3884 mirum
2203 3885 2207 3903 ,

352 3937 439 4008 sane
468 3931 544 4022 est,
574 3913 728 4028 praeter
746 3929 858 4001 huno
875 3928 978 4002 vitae
1004 3926 1184 4026 sigiberti
1218 3947 1435 4014 auctorem,
1472 3930 1679 4003 neminem.
1706 3929 1935 4023 scriptorum
1962 3931 2105 4004 dehac

354 4053 428 4127 filii
456 4043 664 4126 Grimoaldi
691 4047 793 4146 quafi
819 4047 1076 4146 adoptatione,
1106 4071 1232 4143 quam,
1264 4045 1292 4121 fi
1318 4070 1405 4119 vera
1432 4045 1560 4132 fuerit,
1587 4064 1802 4118 memoratu
1827 4048 1915 4122 satis
1943 4052 2103 4150 dignam

355 4172 531 4269 equidem
557 4167 783 4256 habuissem,
810 4194 859 4242 ne
885 4165 1046 4242 verbum
1073 4166 1228 4263 quidem
1261 4162 1462 4238 monuisse.
1525 4164 1724 4265 Qua‘ntum
1755 4192 1847 4241 vero
1883 4170 1925 4277 in
1960 4171 2106 4241 talibus

356 4292 426 4366 soli
459 4291 575 4363 unius
604 4288 846 4391 auctoritati,
882 4284 957 4359 nifi
995 4285 1090 4357 aliae
1126 4284 1323 4371 accedant,
1359 4284 1610 4355 tribuendum
1634 4281 1698 4372 fit,
1736 4288 1872 4384 cuique
1907 4289 1994 4361 satis
2029 4288 2103 4361 erit

354 4409 607 4510 perspicuum,
637 4409 704 4504 qui
730 4409 958 4504 scriptorum
984 4404 1104 4478 medii
1131 4407 1214 4478 aevi
1239 4403 1411 4478 indolem
1439 4421 1477 4475 et
1503 4400 1615 4476 fidem
1642 4400 1858 4479 historicam
1883 4409 1964 4479 non
1984 4401 2102 4500 plane

336 4512 521 4629 'ignorat
575 4527 637 4616 At,
663 4551 713 4600 ne
739 4525 889 4601 temere
903 4525 996 4600 haec
1023 4521 1223 4620 disputasse
1249 4524 1462 4610 videamur,
1487 4548 1627 4596 verane
1653 4549 1703 4599 an
1728 4523 1816 4601 ficta
1840 4522 1908 4612 sit,
1943 4527 2006 4600 rel
2030 4528 2106 4625 po?
