4590 5364
343 537 527 640 primaria
552 534 753 612 iudiciaria
778 529 960 629 potestate
986 535 1130 634 Regem
1155 531 1283 629 ipsum
1307 532 1524 630 praeditum
1549 529 1678 624 fuisse,
1705 557 1752 608 ex
1776 535 1908 610 multis
1935 554 2020 609 tum
2044 538 2096 611 te·

346 684 440 761 gum
473 657 760 742 Francicarum,
794 669 880 724 trun
904 649 1174 726 historicorum
1198 652 1295 726 locis
1323 654 1502 753 colligere
1526 651 1734 752 possumus.
1785 657 1861 761 Eae
1889 673 1987 728 certe
2013 680 2097 728 cau·

242 776 273 793 ⁶
346 780 404 852 sae
432 795 468 848 et
493 776 580 848 lites
608 797 737 848 coram
763 796 850 871 rege
877 771 1198 866 dijudicabantur,
1229 796 1324 867 quae
1354 771 1441 845 satis
1469 795 1600 870 graves
1627 791 1735 845 erant
1761 789 1801 845 et
1825 774 2030 877 praecipue
2051 772 2099 845 ad
2147 871 2149 877 ,
2237 816 2244 823 ·

346 897 506 968 domum
532 893 674 991 regiam
701 909 739 961 et
763 890 863 988 regis
891 888 1080 966 familiam
1110 890 1329 986 spectabant
1340 873 1385 980 ¹).
1439 897 1496 962 Ita
1522 893 1604 963 Rex
1629 892 1732 964 inter
1757 893 1930 988 eoasqui
1956 893 2097 964 iudicia

345 1012 534 1088 moderari
560 1008 741 1095 solebant,
769 1008 812 1079 in
830 1015 933 1105 Lege
949 1008 1223 1104 Ripuariorum
1241 1001 1529 1099 nominatu12),
1558 1009 1667 1105 eique
1684 1009 1905 1104 supremum
1931 1028 1969 1082 et
1996 1005 2098 1107 quali

342 1133 525 1205 ultimum
551 1118 740 1200 iudicium
765 1123 930 1213 licuisse,
969 1150 1016 1198 ex
1042 1148 1092 1199 eo
1113 1128 1209 1225 legis
1236 1126 1375 1215 Saliene
1399 1127 1517 1199 titulo
1544 1145 1720 1224 apparet,
1758 1153 1836 1224 quo
1862 1129 1919 1214 is,
1959 1129 2025 1224 qui
2052 1127 2099 1199 ad

343 1247 668 1323 Mallum-venire
693 1244 884 1330 noluerit,
910 1245 959 1315 ad
974 1236 1100 1343 ‚Regis
1126 1226 1314 1318 iudicium
1340 1241 1524 1317 arceffitur
1543 1236 1590 1338 3).
1633 1246 1817 1318 Proximi
1843 1243 1980 1318 deinde
2016 1246 2100 1344 regi

233 1434 238 1441 .
304 1452 313 1461 g
343 1364 622 1451 iurisdictionis
649 1363 854 1460 participes
889 1346 1012 1435 firiffe
1034 1363 1235 1452 videntum
1254 1362 1432 1450 Patricii,
1481 1361 1586 1461 quod
1622 1365 1693 1436 illo
1719 1364 1976 1438 iamlaudato
2002 1364 2098 1463 legis

239 1575 242 1585 .
286 1504 290 1511 ’
343 1485 617 1580 Ripuariorum
651 1483 741 1554 loco
776 1481 1066 1577 multorumque
1102 1481 1267 1553 aliorum
1302 1480 1535 1577 scriptorum
1568 1478 1795 1555 testimoniis
1820 1481 2099 1580 facilecuique
2135 1517 2139 1523 ·

240 1661 244 1666 .
344 1600 628 1700 persuadebitur
639 1589 688 1689 ⁴).
742 1597 900 1670 Patricii
925 1599 1045 1695 igitur
1070 1598 1259 1671 summam
1284 1599 1345 1675 ius
1372 1599 1524 1672 dicendi
1551 1596 1900 1697 potestatemhaud
1917 1599 2033 1672 dubie
2054 1599 2098 1672 in

295 1730 298 1734 “
342 1723 391 1793 iis
418 1715 633 1815 provinciis
659 1714 872 1816 babebant,
909 1713 1049 1808 quibus
1075 1713 1258 1811 praefecti
1283 1710 1453 1807 erant⁶).
1516 1720 1577 1788 De
1604 1717 1712 1789 Celso
1732 1718 1917 1816 quidem,
1945 1718 2007 1790 cui
2033 1740 2099 1813 pa·
2154 1764 2165 1771 ψ
2220 1758 2227 1773 1

206 1828 211 1836 ’
342 1837 460 1910 ῑήοὶὶ·
480 1826 624 1905 munus
651 1849 765 1927 atque
791 1830 960 1929 dignitas
987 1831 1230 1928 delegabatur
1256 1837 1537 1905 aGuntramno
1558 1840 1669 1930 rege,
1709 1859 1799 1908 cunt
1823 1837 1968 1909 multae
1990 1822 2099 1920 aliae,

298 1964 308 1975 ⁴
341 1974 430 2054 tum
454 1952 546 2024 haec
571 1969 756 2046 tanquam
781 1949 937 2045 propria
962 1946 1091 2020 virtus
1123 1947 1381 2046 praedicatur,
1404 1972 1508 2021 'eum
1533 1948 1656 2036 „iuris
1681 1951 1875 2024 lectione“
1901 1949 2010 2038 sitisse
2034 1977 2099 2048 pe·
2184 2030 2187 2035 ,

343 2072 465 2144 ritum
474 2060 534 2162 <⁵),
552 2066 656 2142 unde
677 2067 907 2145 concludere
932 2067 1056 2154 liceat,
1079 2067 1178 2139 iuris
1204 2067 1382 2163 peritiam
1408 2062 1511 2165 quali
1535 2065 1777 2142 necessariam
1801 2066 1911 2142 fuisse
1937 2068 1986 2142 ad
2011 2093 2097 2141 mu·

309 2184 312 2191 ’
343 2214 418 2264 nus
454 2187 681 2261 Patriciatus
719 2183 1019 2281 suscipiendum.
1082 2191 1202 2258 Porro
1240 2189 1468 2282 plerumque
1495 2187 1664 2261 Comites
1690 2185 1832 2260 iudicia
1858 2186 2096 2272 exercebant,

343 2331 510 2406 quorum
537 2306 612 2376 duo
640 2300 913 2401 fuissegenera
940 2303 1077 2399 cuique
1102 2319 1242 2374 notum
1265 2299 1325 2390 est,
1353 2304 1516 2376 alterum
1543 2305 1698 2403 quidem
1724 2307 1923 2378 Comitum
1946 2302 2098 2390 Palatii,
2164 2313 2167 2320 “

344 2427 507 2509 alterum
533 2420 730 2495 Comitum
757 2420 971 2516 aar'iffoxlyv
985 2514 992 2520 ,
1007 2418 1057 2495 fic
1095 2421 1298 2494 dictorum.
1353 2423 1522 2496 Comites
1549 2423 1706 2520 quidem
1730 2423 1869 2497 Palatii
1902 2423 1967 2496 seu
1993 2426 2100 2498 Pala·

340 2543 439 2630 tini,
461 2542 572 2641 ,quod
596 2565 741 2612 nomen
767 2539 895 2631 ipsum
921 2540 1044 2621 docet,
1070 2535 1113 2608 in
1141 2538 1242 2632 regis
1267 2540 1415 2609 P-aletio
1442 2563 1504 2609 eas
1530 2543 1734 2637 praecipue
1760 2540 1910 2630 cadas,
1938 2566 2033 2640 quae
2052 2543 2100 2615 ad

210 2721 217 2728 .
342 2661 443 2759 regis
482 2658 673 2730 familiam
697 2654 763 2723 seu
797 2648 935 2744 pueros
970 2650 1097 2748 regios
1132 2651 1376 2746 spectabant,
1406 2652 1609 2726 decernere
1632 2675 1746 2754 atque
1764 2657 2099 2734 diiudicare·sole·

340 2771 494 2865 bant·⁷).
547 2777 695 2845 Praeter
721 2767 911 2863 palatinas
937 2791 1031 2842 vero
1057 2767 1197 2857 causo,
1224 2785 1270 2840 ut
1294 2764 1349 2842 ita
1375 2767 1526 2860 dicam,
1553 2773 1669 2859 etiam
1695 2774 1787 2847 alias
1813 2775 1902 2849 lites
1926 2801 1952 2849 a
1979 2779 2099 2850 comi.
2160 2859 2170 2870 ο

339 2894 447 2969 'tibus
471 2886 610 2978 Palatii
647 2886 875 2982 composttas
900 2883 1034 2973 fitilla,
1062 2887 1296 2962 Hincmarus
1322 2880 1548 2982 testauu0),
1574 2892 1631 2965 ita
1657 2891 1835 2990 quidem,
1874 2909 1941 2980 ut,
1976 2890 2100 2992 fiqui

343 3038 391 3087 ex
416 3016 647 3084 Francorum
674 3021 787 3105 gente
813 3005 859 3077 de
885 3004 1013 3102 aliqua
1047 3031 1088 3078 re
1122 3005 1337 3104 litigantes,
1376 3007 1421 3080 in
1448 3009 1565 3108 Regis
1589 3009 1749 3100 Palatio
1765 3009 1852 3107 ipso
1877 3027 2100 3088 controver-

342 3128 435 3205 stsm
460 3129 661 3201 diremtum
678 3124 887 3211 voluerint,
915 3129 1051 3198 Comes
1077 3125 1213 3197 Palatii
1238 3123 1463 3198 huiusmodi
1487 3127 1599 3201 litem
1624 3125 1750 3203 sedare
1776 3126 1941 3203 deberet.
1994 3131 2098 3204 Alte·
2184 3104 2188 3124 ¹
2217 3182 2229 3201 .

342 3273 430 3323 rum
452 3264 584 3320 contra
603 3244 793 3317 comitum
810 3266 932 3342 genus
951 3241 993 3315 in
1009 3241 1225 3337 provinciis
1252 3242 1314 3316 ius
1340 3242 1501 3332 dicebat,
1528 3263 1605 3335 aut,
1631 3263 1678 3318 ut
1696 3246 1854 3322 Tacitus
1880 3246 1989 3335 dicit,
2015 3249 2098 3321 iura

341 3392 409 3464 per
446 3387 565 3463 pagos
613 3363 797 3459 vicosque
847 3361 1027 3434 reddebat
1037 3353 1096 3452 ο);
1123 3364 1129 3375 '⁴
1145 3361 1215 3459 qui
1260 3362 1421 3436 comites
1469 3363 1572 3437 haud
1616 3387 1703 3438 raro
1744 3362 1844 3462 ipso⁴
1874 3369 2097 3466 germanico

340 3493 504 3558 nomine
531 3481 725 3554 Graliones
738 3475 791 3570 ὀ)
824 3479 1089 3551 nominantur.
1151 3481 1352 3554 Interdum
1385 3504 1542 3580 quoque
1574 3479 1721 3556 iudices
1755 3481 1898 3558 fiscales
1932 3508 2097 3559 comme·

172 3634 178 3653 ¹
249 3629 250 3633 ¹
340 3619 541 3676 morantur
554 3597 617 3691 ¹¹).
671 3605 803 3697 Quum
828 3621 921 3670 vero
948 3597 1119 3669 Comites
1145 3595 1350 3694 saepissime
1376 3598 1464 3671 aliis
1489 3599 1658 3699 negotiis
1684 3597 1975 3698 impedirentur,
2002 3624 2096 3700 qno·
2145 3612 2154 3623 ’
2190 3681 2193 3684 ,

339 3721 472 3794 minus
499 3715 569 3814 ipst
595 3715 712 3789 caufis
738 3713 996 3788 diiudicandis
1023 3710 1142 3787 adesse
1168 3713 1329 3811 pollent,
1355 3740 1491 3790 comm
1515 3718 1620 3792 vices
1647 3717 1678 3792 ii
1704 3719 1878 3806 obibant,
1905 3743 2003 3814 quos
2027 3721 2097 3792 Vi.
2132 3741 2135 3745 ·
2223 3794 2225 3799 ι

266 3856 305 3938 j
340 3839 463 3914 carice
490 3839 615 3910 dictos
642 3835 787 3929 saepius
814 3833 1038 3906 invenimus
1058 3826 1122 3923 ¹²).
1176 3819 1229 3906 Et‘
1252 3834 1294 3904 hi
1320 3834 1401 3908 sere
1426 3853 1535 3908 erarrt
1559 3835 1759 3932 praecipui
1784 3835 1989 3931 superioris
2011 3837 2102 3934 quia

99 3990 106 3995 ·
223 4008 225 4012 »
340 3964 428 4042 dem
455 3953 603 4030 ordinis
630 3951 775 4026 iudices
800 3943 845 4023 in
873 3957 1109 4024 Francorum
1135 3950 1302 4028 civitate.
1367 3951 1576 4032 Inferiores
1614 3952 1759 4026 iudices
1786 3970 1896 4057 erant
1921 3957 2097 4055 Tungini

340 4094 378 4147 at
404 4073 644 4161 Centenarii,
684 4071 752 4170 qui
766 4069 1008 4166 praeferant
1042 4069 1168 4142 causas
1193 4069 1360 4165 privatas
1387 4087 1428 4142 ct
1451 4069 1613 4158 iudicia,
1650 4093 1749 4168 quae
1770 4067 1830 4160 ‚ad
1860 4075 2095 4148 Francorum

339 4215 405 4264 res
426 4191 636 4264 familiares
662 4187 893 4287 spectabant,
921 4183 1032 4287 egisse
1056 4179 1314 4280 ridentur¹³).
1368 4194 1562 4264 Praeterea
1581 4187 1759 4287 persaepe
1784 4186 1920 4264 arbitri
1944 4172 2096 4265 arran·

340 4311 393 4382 cis
421 4311 469 4382 ad
493 4311 579 4382 lites
608 4305 913 4404 componendae,
940 4307 1057 4403 idque
1083 4304 1287 4404 praecipue
1313 4329 1335 4379 a
1360 4307 1536 4405 regibus,
1573 4305 1603 4383 fi
1639 4307 1689 4382 de
1722 4296 1948 4407 gravissimis
1963 4306 2095 4382 rebus

340 4429 569 4524 disceptatio
588 4425 781 4521 ><praedam
808 4443 891 4500 orta
917 4422 1066 4515 suffer,
1092 4408 1332 4525 eligebantur
1339 4452 1353 4515 ς
1380 4424 1435 4500 ita
1454 4425 1669 4526 Gregorius
1695 4429 1982 4511 Guntramnum
2006 4448 2096 4499 cum

340 4547 533 4649 sigiberto
559 4544 780 4645 litigantem
806 4543 1019 4640 Episcopus
1043 4546 1169 4618 totius
1193 4545 1305 4642 regni
1322 4541 1562 4643 congregasse
1577 4561 1723 4637 narrat,
1748 4560 1820 4637 „ut
1843 4543 1948 4620 inter
1972 4559 2096 4620 unos·
2157 4545 2183 4571 ·'
2211 4618 2214 4621 ,
2259 4599 2265 4610 .
