4590 5364
976 276 1361 409 -694
1495 296 1564 427 s

266 524 418 609 ahiam,
443 542 541 620 quae
567 513 713 595 etiami
737 513 867 616 suapte
893 511 1118 616 quidemvi
1143 513 1233 590 satia
1268 511 1381 604 firma
1412 514 1613 595 videbatur
1639 514 1729 608 effe,
1765 541 1864 597 mox
1901 539 2030 601 tamen

276 640 474 740 apperuit,
509 658 742 739 quantopere
766 637 1001 727 adminicula
1031 654 1149 734 atque
1182 632 1363 733 praefidia
1388 661 1474 710 non
1499 637 1544 710 in
1570 637 1744 736 ipseper
1769 639 1830 731 le,
1866 667 1950 719 non
1984 646 2029 720 in
2106 626 2110 631 ’

274 762 341 835 via
365 777 406 834 et
430 759 593 847 ratione,
620 783 696 857 qua
721 775 802 832 erat
827 755 998 844 condita,
1023 753 1089 830 led
1112 755 1156 829 in
1180 751 1300 852 ipfiua
1327 754 1431 854 quali
1456 773 1632 845 auctore,
1658 757 1705 831 in
1731 758 1943 835 chlodovei
1968 765 2028 839 in·

264 877 394 979 ‚genio
420 871 752 978 (subjectivitdt)
779 874 897 952 ellent
920 871 1052 973 polita.
1103 872 1334 949 Monarchia
1359 874 1468 949 enim
1504 873 1727 974 temporum
1756 875 1965 954 neceffitate
1991 901 2029 956 et
2170 910 2175 915 ’
2202 974 2212 984 ,

279 994 496 1073 chlodovei
521 998 666 1071 virtute
692 996 871 1083 condita,
897 991 1122 1094 simulatque
1146 991 1273 1092 patria
1296 992 1423 1070 virtue
1448 994 1493 1070 in
1518 995 1764 1097 Merovingio
1784 996 2027 1074 ¹defideraba-

277 1129 352 1202 ιω,
379 1110 471 1190 llere
496 1117 662 1213 ampliue
688 1115 758 1193 vix
782 1113 927 1214 potuit.
954 1147 1006 1169 -
1037 1168 1044 1179 ·

1019 1562 1066 1631 x
1097 1536 1102 1551 .

1058 1675 1160 1761 cnr.
1205 1675 1259 1760 11.

266 1883 340 2004 ’De
368 1915 608 2017 Merovingir
633 1912 829 2012 usquead
860 1863 1076 2012 clrlotlorii
1102 1917 1154 1988 11
1187 1904 1462 1986 Monarchiom
1495 1931 1532 1984 o.
1558 1909 1667 2001 6133
1692 1923 1730 1984 et
1756 1913 1949 2010 quomodo
1978 1917 2029 1989 ad

549 2032 621 2111 hoc
647 2055 763 2132 usque
789 2044 937 2133 tempto
961 2019 1095 2108 eorum
1119 2032 1279 2107 exitium
1293 2026 1425 2135 fuerit
1458 2041 1751 2130 praeparatum.

1100 2239 1137 2332 §.
1167 2256 1201 2310 r.

376 2425 418 2498 Si
436 2423 532 2522 'quia
559 2439 724 2519 qttaerat,
753 2445 822 2495 cur
836 2438 926 2494 'tam
950 2437 1110 2515 repente
1143 2438 1259 2516 atque
1284 2419 1456 2492 celeriter
1489 2419 1538 2493 ad
1571 2420 1773 2494 interitum
1813 2424 2030 2497 corruerint
2065 2484 2083 2510 ,,
2218 2467 2223 2483 =

239 2525 243 2531 ”
269 2540 511 2638 Merovingi,
537 2540 729 2635 triplicem
752 2539 798 2612 in
815 2537 1046 2619 =,universum
1070 2535 1186 2608 huius
1211 2535 1447 2632 praematuri
1469 2536 1649 2611 interitus
1687 2538 1836 2612 causam
1871 2535 2029 2613 statuere

273 2655 377 2744 licet,
403 2678 568 2754 quarum
593 2658 640 2731 de
664 2657 789 2755 prima
814 2657 859 2731 in
885 2647 1201 2730 antecedentibue
1225 2653 1306 2727 iam
1330 2651 1420 2728 satia
1458 2651 1673 2750 expofitum
1697 2651 1771 2745 ost,
1798 2654 1844 2730 de
1869 2656 2028 2743 incerta,

273 2772 448 2883 inquam,
474 2777 516 2848 dt
538 2773 678 2876 regalia
703 2772 897 2874 potestatis
923 2790 963 2849 et
986 2768 1111 2868 ftirpia
1135 2772 1461 2871 Merovingorum
1486 2771 1725 2849 conditione.
1776 2775 1904 2848 Altera
1934 2798 2028 2851 vero

275 2891 383 2968 eausa
409 2893 454 2967 in
478 2894 627 2968 iteratis
653 2894 734 2969 illio
759 2895 871 2994 regni
895 2890 1153 2966 divilionibua
1178 2888 1300 2986 polita
1325 2907 1426 2976 erat,
1454 2913 1551 2988 quae
1585 2891 1811 2969 chlodoveo
1843 2876 2027 2968 defuncto

269 3012 376 3087 hatur
390 3008 511 3110 ipliua
530 3011 633 3087 filios
659 3029 699 3086 et
723 2994 861 3087 deinde
876 3028 1039 3109 nepotes
1056 3005 1251 3083 institutae
1268 3008 1368 3082 sunt
1394 3006 1542 3081 Namli
1562 3009 1657 3107 quid
1676 3007 1738 3100 est,
1758 3009 1863 3110 quod
1876 3013 2029 3112 ingenii

272 3120 410 3205 aetatis
436 3130 543 3207 illiue
567 3131 702 3205 haberi
733 3127 856 3228 potest
891 3127 1178 3216 testimonium,
1214 3127 1325 3200 nihil
1352 3123 1494 3201 maiori
1531 3127 1615 3202 iure
1647 3129 1723 3200 huo
1757 3128 1890 3203 referri
1924 3126 2027 3226 poss'e

276 3265 387 3344 puto,
414 3271 531 3347 quam
555 3251 626 3324 hae
652 3246 870 3325 divifionea.
924 3246 1048 3324 Sicuti
1074 3247 1179 3321 enim
1203 3247 1272 3319 illa
1297 3263 1418 3320 aetate
1455 3245 1589 3320 omnia
1625 3269 1712 3321 non
1744 3271 1793 3319 ex
1825 3247 1936 3321 certia
1973 3271 2027 3322 ra·
2092 3299 2097 3305 -

277 3365 465 3454 tionibus,
491 3366 555 3441 led
578 3363 790 3443 neceffitate
815 3364 919 3467 quali
943 3382 1127 3466 urgente,
1152 3387 1238 3438 non
1264 3363 1399 3453 futuri,
1426 3362 1490 3438 sed
1516 3362 1725 3460 praesentia
1753 3383 1905 3440 tantum
1930 3383 2026 3439 tem·

276 3484 559 3580 porie‘ratione
584 3485 713 3561 habita
739 3506 778 3561 et
802 3484 934 3586 peragi
959 3502 997 3559 et
1021 3479 1172 3558 institui
1196 3483 1389 3572 solebant,
1416 3483 1469 3556 ita
1495 3483 1585 3557 illae
1610 3480 1840 3572 divilionee,
1876 3478 2026 3559 neceffi·

277 3618 357 3676 tate
383 3600 540 3691 scilicet,
565 3627 651 3678 non
677 3602 838 3695 confilio
864 3619 1101 3702 procreatae,
1138 3618 1213 3675 nec
1239 3605 1475 3675 Francorum
1499 3601 1667 3676 civitatis
1690 3602 1910 3676 rationibus
1937 3602 2024 3676 satio

276 3721 598 3810 accommodatae,
623 3746 694 3796 neo
719 3747 810 3797 cum
834 3723 1103 3818 circumspecta
1115 3718 1294 3817 quadem
1320 3718 1638 3803 consecrationum
1663 3717 1938 3794 confideruntia
1964 3720 2026 3792 in·

273 3831 426 3917 stitture
449 3836 565 3914 tuille
587 3838 778 3914 videntur.
828 3841 989 3936 Duplex
1011 3840 1202 3913 nimirum
1227 3856 1311 3912 orta
1348 3834 1400 3912 est
1425 3837 1647 3913 chlodoveo
1684 3838 1732 3912 ad
1757 3838 1914 3937 superor
1949 3837 2025 3910 dia·

279 3947 375 4028 cello
401 3954 630 4049 nocetum,
654 3959 720 4034 cui
753 3961 925 4059 utrique,
959 3953 1035 4033 nili
1067 3979 1212 4056 magno
1244 3954 1529 4031 alteriuautriue
1561 3954 1817 4044 detrimento,
1851 3951 2026 4051 satisfieri

226 4104 238 4117 ⁴
276 4092 363 4146 non
376 4078 525 4168 potuit.
571 4076 723 4155 Neoelle
749 4079 856 4155 enim
881 4094 972 4166 arat,
999 4097 1099 4175 opua
1125 4099 1147 4149 a
1173 4071 1394 4171 chlodoveo
1420 4073 1610 4172 praeclare
1647 4074 1876 4149 inchoatum
1901 4074 2025 4148 conti·

183 4272 192 4290 Ι
277 4208 398 4267 nuere
424 4207 463 4265 et
485 4194 737 4287 confirmaret
761 4193 907 4275 necess'e
929 4219 1023 4272 vero
1049 4195 1179 4282 emm,
1205 4190 1390 4268 omnibus
1415 4187 1629 4268 Chlodovei
1652 4189 1745 4265 filiis
1771 4191 1882 4292 regni
1907 4211 1945 4266 et
1970 4217 2026 4266 re·

277 4309 376 4409 3⁸11·
402 4309 605 4409 dignitatis
628 4319 825 4415 quandam
849 4333 996 4414 partem
1021 4312 1200 4387 tribuere.
1253 4311 1469 4385 chlodovei
1494 4327 1624 4384 autem
1649 4307 1852 4385 confilium
1883 4311 2027 4408 prima·
2168 4366 2172 4375 .

196 4466 202 4477 ·
278 4425 384 4500 rium
408 4424 545 4517 fuerat,
571 4436 808 4507 l'raneonrm
832 4435 934 4506 virae
960 4449 1000 4504 et
1023 4431 1176 4504 animoa
1189 4429 1416 4502 Monarchia
1441 4429 1675 4527 coniungere
1702 4446 1740 4504 et
1766 4429 2023 4513 corroborare.

133 4650 135 4655 λ
276 4541 381 4623 filios
407 4569 500 4623 vere
527 4547 630 4631 idem
656 4569 820 4652 quatuor
845 4549 1014 4652 reliquit.
1073 4549 1150 4650 Qui
1173 4565 1220 4620 ut
1245 4569 1379 4622 omneo
1405 4546 1520 4650 regni
1543 4549 1697 4647 paterni
1728 4550 1813 4647 pari
1844 4550 1926 4624 iure
1962 4548 2026 4622 fie·
2058 4571 2065 4585 ·

393 4729 401 4739 -
1524 4687 1564 4759 H
1595 4707 1620 4763 a
