4590 5364
934 320 1528 426 -2-13...‘·'

344 548 627 632 Praefectomm
652 544 845 644 praetorio
872 541 955 616 aliis
980 541 1221 638 temporibus
1259 543 1331 615 alia
1358 540 1437 614 suit
1463 540 1636 616 conditio
1654 531 1699 634 ³).
1728 579 1781 598 -
1843 546 1970 640 Quum
2003 565 2097 617 vero

284 681 288 694 '
346 656 589 750 Sismondius
607 667 721 738 huius
739 663 880 736 summi
898 661 943 733 in
960 684 1081 760 regno
1099 660 1239 734 iudicis
1256 685 1404 736 nomen
1429 662 1472 733 in
1497 661 1576 758 ipsa
1591 667 1867 734 Germanorum
1892 663 2098 737 vernacula

208 791 214 801 '
277 871 280 879 Ι
344 794 481 890 lingua
505 785 717 861 Morddom
744 779 852 855 fuisse
879 782 1083 877 opinetur,
1127 782 1231 878 quod
1266 805 1413 853 nomen
1439 765 1704 853 Romanorum
1731 783 1886 854 auribus
1912 800 2100 878 tanquam

346 911 475 984 Maior
502 909 639 978 domus
666 901 848 992 sonuerit,
875 901 1046 995 primum
1061 898 1270 987 videamus,
1295 923 1390 996 quae
1415 901 1475 974 vis
1504 918 1616 997 atque
1641 902 1753 974 notio
1772 903 1899 974 'verbis
1920 901 2041 974 Mord
2061 908 2104 970 et

349 1030 438 1100 dom
463 1024 508 1097 fit
535 1022 778 1094 subiicienda.
832 1012 1001 1091 Verbum
1028 1020 1149 1090 Mord
1185 1017 1306 1116 igitur
1332 1017 1375 1089 in
1402 1021 1526 1113 prisca
1552 1019 1619 1091 illa
1647 1000 1926 1091 Gemianorum
1962 1019 2099 1116 lingua

346 1146 448 1220 nihil
475 1123 579 1212 aliud
603 1135 854 1237 significabat,
895 1160 1009 1234 quam
1035 1137 1077 1208 in
1104 1139 1304 1211 vernacula
1331 1133 1456 1209 nostra
1482 1129 1603 1210 adh‘uc
1628 1128 1814 1229 hodie4),
1853 1138 2000 1243 caedes,
2037 1135 2101 1206 in·
2164 1211 2170 1228 Ι
2258 1122 2261 1133 ’

330 1245 569 1346 ‘ternecio,·
598 1257 711 1354 a‘tque
748 1257 872 1327 altera.
895 1280 977 1329 vox
1011 1256 1102 1328 dom
1136 1253 1287 1328 fortasse
1325 1238 1494 1329 iudicem
1528 1282 1567 1329 re
1601 1283 1689 1330 vera
1714 1253 1929 1356 fignificalie
1955 1248 2099 1350 potest;

318 1384 324 1400 ’
350 1369 593 1477 quamquam,
615 1391 810 1472 quantum
833 1374 922 1461 scio,
949 1374 1212 1447 interomnes
1241 1375 1432 1463 convenit,
1458 1399 1594 1469 rocem
1622 1378 1714 1449 dom
1739 1376 1870 1470 potius
1896 1357 2099 1481 iudicium,

237 1544 242 1555 -
326 1495 669 1580 iurisdictionem,
698 1502 814 1589 quam
833 1491 1001 1565 iudicem
1026 1480 1205 1565 indicass'e
1225 1487 1271 1585 ³).
1326 1496 1508 1590 Quamvis
1535 1521 1627 1568 vero
1654 1512 1929 1591 utraque-vox,
1957 1492 2101 1586 separa·

349 1615 423 1686 tim
459 1613 615 1709 quidem
649 1607 806 1705 scripta,
834 1612 901 1682 has
930 1603 1143 1696 obtinuerit
1168 1609 1462 1710 significationes
1489 1616 1591 1709 apud
1616 1597 1760 1688 veteres
1788 1618 2018 1696 Germanos,
2063 1623 2102 1678 et

348 1733 392 1805 in
418 1732 527 1802 illius
554 1727 687 1800 aetatis
715 1728 963 1821 scriptoribus
990 1720 1119 1821 passim
1145 1729 1417 1814 inveniantur,
1445 1731 1523 1800 iarn
1548 1749 1749 1824 propterea
1774 1749 1905 1803 tamen
1933 1727 2116 1801 Bismon··

350 1851 404 1920 dii
431 1847 616 1918 sententia
643 1842 927 1940 quodammodo
954 1841 1191 1934 infirmatur,
1231 1844 1336 1938 quod
1362 1844 1450 1914 illae
1474 1864 1588 1916 voces
1615 1849 1668 1915 ita
1695 1826 1944 1942 o‘ompoiitae,
1983 1870 2104 1943 quan·

302 2023 305 2026 .
348 1981 435 2036 turn
462 1963 638 2058 equidem
664 1959 755 2048 scio,
781 1961 927 2033 nullius
953 1985 1125 2056 unquam
1152 1957 1348 2056 scriptori-s
1376 1961 1601 2034 auctoritate
1626 1955 1870 2056 probatue⁶),¹
1893 1963 2104 2037 aSismon⁴
2182 2009 2185 2014 f

351 2082 415 2154 dio
443 2081 525 2175 ipso
554 2080 710 2150 demum
734 2078 777 2149 in
804 2075 969 2174 priscam
996 2077 1104 2151 illam
1124 2080 1323 2151 Maiorum
1350 2078 1530 2179 linguam
1553 2086 1725 2175 receptae
1752 2098 1790 2151 et
1816 2079 1919 2177 quafi
1946 2081 2102 2156 civitate

94 2285 97 2294 Ι
239 2221 241 2224 ’
350 2201 511 2272 donatae
537 2193 648 2268 fuiss'e
672 2194 865 2269 videntur.
920 2197 1033 2294 Quod
1058 2214 1189 2268 utrum
1214 2195 1367 2269 licuerit
1392 2196 1637 2286 Siimondiu,
1665 2199 1878 2271 diiudicent
1904 2200 1981 2287 alii,
2006 2225 2103 2295 quo·

189 2366 193 2376 ·
294 2400 304 2417 ,
349 2341 436 2389 rum
453 2341 540 2412 xquo
566 2315 681 2386 latior
706 2332 744 2385 et
770 2315 979 2387 accuratior
1014 2311 1064 2388 est
1097 2317 1233 2388 harum
1260 2339 1387 2388 rerum
1422 2307 1617 2415 cognitio,
1653 2339 1699 2388 eo
1735 2317 1857 2416 magis
1894 2319 2101 2396 auctoritas
2201 2331 2205 2339 '

351 2451 390 2507 et
422 2433 609 2505 iudicium
642 2430 821 2505 valebit·
876 2433 1078 2520 Attamen,
1129 2451 1176 2504 ut
1209 2457 1294 2505 mea
1320 2431 1478 2528 quidem
1503 2432 1578 2503 fert
1605 2433 1761 2526 opinio,
1798 2433 1899 2531 sire
1917 2459 2005 2508 vera
2031 2437 2103 2506 bu·

254 2628 258 2640 ,
349 2549 519 2625 iusmodi
544 2530 868 2621 ministerialium
895 2554 1129 2619 Francorum
1154 2574 1273 2646 regno
1301 2545 1500 2634 exstiterit,
1528 2549 1672 2621 mirum
1699 2548 1787 2622 sane
1813 2548 1884 2640 est,
1920 2577 1988 2642 cur
2013 2551 2104 2632 scri·

257 2685 260 2694 ·
349 2684 501 2766 ptores,
538 2683 703 2762 quorum
733 2663 827 2736 libri
860 2687 908 2735 ex
940 2652 1264 2763 Merovingorum
1298 2681 1418 2737 aetate
1452 2665 1569 2738 nobis
1586 2732 1592 2753 ,
1608 2666 1744 2740 servati
1770 2668 1881 2757 sunt,
1925 2671 2102 2768 quamvis

248 2813 256 2824 ·
348 2784 540 2881 'permulta
567 2783 641 2854 alia
658 2803 715 2854 'ex
748 2780 829 2878 ipsa
855 2786 1134 2854 Germanorum
1158 2785 1314 2882 lingua,
1359 2780 1434 2856 five
1469 2785 1665 2881 quomodo
1685 2809 1734 2872 ea
1775 2788 1896 2860 latine
1928 2788 2101 2873 reddant,

351 2883 596 3001 ignorantes,
632 2899 710 2975 five
743 2922 794 2972 ne
828 2897 921 2972 falsa
958 2917 996 2972 et
1020 2901 1192 2997 perversa
1217 2902 1425 2975 verborum
1450 2901 1767 2998 interpretatione
1792 2903 1944 2978 sensum
1970 2906 2102 3000 depra⁴

351 3035 456 3106 vent,
490 3036 715 3104 metuentes,
742 3017 975 3091 retinuerint
999 3019 1127 3106 verba,
1155 3020 1229 3092 hoc
1253 3036 1383 3093 tamen
1410 3020 1552 3094 summi
1577 3021 1715 3096 iudicis
1741 3023 2005 3123 germanicum
2029 3042 2101 3116 not·

351 3145 440 3209 men
479 3130 750 3224 „Morddom“'
774 3137 817 3209 in
843 3137 982 3232 scripta
1005 3162 1089 3212 non
1116 3139 1337 3235 receperint.
1398 3144 1453 3210 Ut
1490 3141 1597 3212 enim
1630 3143 1823 3213 nonnulla
1851 3128 1950 3213 certe
1975 3163 2102 3212 exem·

351 3256 409 3352 pli
434 3256 543 3329 causa
568 3279 616 3328 ex
640 3257 714 3329 hoc
741 3279 876 3355 genere
900 3253 1160 3351 proferamus,
1197 3258 1240 3329 in
1265 3257 1415 3356 legibus
1442 3258 1599 3356 quidem
1623 3277 1797 3332 vetenuu
1823 3264 2102 3332 Germanorum
2210 3304 2214 3311 ·

229 3406 232 3411 ·
353 3373 542 3470 permulta
567 3375 790 3447 huiusmodi
813 3373 972 3472 linguae
996 3390 1153 3471 patrum
1184 3375 1409 3450 invenimus
1444 3375 1547 3474 quasi
1581 3395 1847 3450 monumenta·
1868 3397 1982 3476 atque
2015 3379 2102 3452 reli·

353 3491 476 3588 quies.
520 3496 579 3563 Ita
595 3491 757 3566 verbum
772 3492 833 3566 illi
850 3489 1090 3566 simillimum
1114 3493 1390 3582 „mortaudo“,
1417 3496 1524 3593 quod
1549 3494 1720 3570 occidere
1745 3496 1988 3593 intrepretati
2012 3497 2102 3569 sunt

352 3610 402 3721 ii,
437 3609 505 3708 qui
529 3610 633 3708 leges
658 3610 796 3701 litteris
821 3611 1075 3698 mandarunt,
1102 3612 1147 3703 in
1166 3613 1489 3686 Allemannorum
1521 3613 1671 3712 legibus
1697 3612 1829 3712 paffim
1854 3609 2102 3712 deprehendi·
2222 3685 2225 3691 .

352 3750 440 3801 mus
455 3723 502 3818 ⁷).
555 3733 602 3801 Iu
628 3728 900 3823 Ripuariorum
926 3746 1080 3827 quoque
1104 3731 1256 3830 legibus
1281 3733 1470 3829 permulta
1497 3758 1545 3804 ex
1570 3735 1645 3807 hoc
1668 3759 1804 3832 genere
1820 3722 2078 3815 inveniuntur
2085 3757 2100 3818 ς

353 3870 384 3919 e:
412 3869 448 3944 g.
476 3843 735 3933 forbannitus,
761 3845 788 3918 i.
816 3871 847 3918 e.
873 3847 921 3933 is,
948 3849 1085 3944 quiin
1112 3848 1275 3949 erilium
1301 3851 1444 3923 eiectus
1465 3843 1576 3941 est⁸).
1611 3858 1730 3923 Porro
1756 3852 1980 3945 plerumque
2007 3873 2103 3945 quae

352 3964 400 4034 ad
426 3972 656 4037 armaturam
682 3979 720 4035 et
746 3987 804 4036 res
830 3963 986 4038 bellicas
1012 3967 1207 4063 spectant,
1245 3966 1381 4067 lingua
1405 3968 1610 4041 vernacula
1636 3967 1930 4064 Ripuariorum,
1958 3967 2102 4042 adiecta

351 4080 455 4152 baud
480 4106 566 4154 raro
591 4081 710 4171 latina
735 4081 1062 4177 interpretatione,
1089 4085 1352 4172 retinuerunt3
1379 4109 1412 4157 e.
1440 4107 1477 4184 g.
1497 4085 1602 4180 sputa
1627 4108 1716 4156 cum
1741 4083 1898 4183 scogilo,
1928 4084 1954 4158 i.
1974 4107 2005 4159 e.
2025 4088 2104 4184 gla-

250 4214 252 4219 '
354 4196 440 4272 dius
465 4178 577 4272 simul
603 4225 692 4273 aum
716 4199 878 4299 vagina,
904 4201 1051 4290 bremia,
1078 4203 1106 4277 i.
1134 4228 1166 4277 e.
1190 4206 1323 4291 lorica,
1348 4202 1512 4288 helmus‚
1538 4202 1565 4274 i.
1594 4226 1627 4276 a.
1654 4203 1782 4303 galea,
1808 4202 2101 4302 bainbergae,i;
2171 4241 2177 4246 ·

356 4340 389 4392 e.
418 4340 549 4390 ocreae
582 4315 723 4391 ferreae
748 4318 814 4393 seu
838 4319 985 4394 tibialia
994 4316 1053 4415 ⁹);
1080 4341 1240 4422 atquae
1264 4320 1357 4396 talia
1381 4323 1586 4394 innumera
1610 4322 1721 4411 sunt,
1750 4320 1899 4422 quaesi
1924 4319 2102 4416 deinceps

289 4468 296 4479 ‘
355 4456 615 4508 mammerare
634 4437 774 4526 velim,
796 4438 1041 4516 vehementer
1067 4467 1221 4531 vereor,
1247 4468 1299 4515 ne
1324 4440 1472 4514 diutius
1498 4441 1542 4514 in
1567 4443 1680 4516 rebus
1705 4467 1791 4516 non
1816 4435 2027 4515 necessariis
2055 4435 2102 4510 ad

353 4574 437 4629 rem
462 4577 694 4646 commorer,
722 4572 760 4631 et
784 4555 1005 4660 legentibus
1028 4558 1199 4634 taedium
1215 4558 1419 4659 ⁴quoddam
1433 4557 1689 4639 subnascatur.
1726 4561 1845 4650 ,murt
1860 4573 2013 4632 tuntum
2038 4554 2102 4630 ad»
