4590 5364
881 336 1242 416 ..⁰9-

115 600 120 609 .
180 544 350 606 veterem
374 500 605 629 dignitatem
630 522 700 623 libi
722 518 896 622 reparare
921 507 1097 621 cuperet,
1132 519 1292 596 Carolus
1309 521 1422 612 nihil,
1449 520 1521 597 nisr
1549 525 1785 604 comitatum
1813 557 1930 629 queu-

180 647 269 720 dam
296 633 529 738 couceffitff
582 636 809 718 Intellexilse
834 642 997 723 videtur,
1023 641 1161 739 quanti
1195 643 1386 716 momenti
1426 638 1472 714 lit
1505 643 1597 716 haec
1632 646 1732 741 quast
1771 656 1938 725 Monar.¹

179 765 287 852 chia,
315 789 432 861 quae,
459 781 505 836 ut
527 763 627 836 mihi
652 763 826 851 videtur,
860 761 900 834 ei
924 757 1112 858 permisit,
1148 777 1193 833 ut
1213 752 1413 853 ¹defuncto
1448 760 1692 838 Theoderico
1719 772 1771 840 1v
1803 784 1931 867 regem

179 907 263 957 non
290 879 508 955 restitueret.
569 882 750 955 Attamen
786 881 833 977 ab
870 879 986 952 initio
1020 877 1099 951 fine
1133 903 1221 980 rege
1255 903 1339 952 eam
1381 876 1603 974 potestatem
1637 879 1706 954 sibi
1737 885 1932 961 vindicare

179 1010 265 1075 non'
289 1001 463 1086 audebat,
485 1023 587 1097 quae
612 999 727 1086 nihil,
755 995 829 1071 nisi
854 999 991 1098 regalis
1017 996 1223 1095 dignitatis
1247 987 1526 1070 adminiculum
1553 1017 1654 1085 erat,
1694 1019 1733 1073 et
1757 1023 1931 1100 propter.

179 1141 222 1191 ea
249 1118 519 1191 Chlotharium
546 1120 638 1209 (lt)
667 1115 737 1190 libi
762 1140 892 1216 regem
916 1116 1092 1214 eligebat.
1108 1112 1158 1207 ιο)
1226 1120 1314 1213 Quo
1350 1138 1444 1189 mox
1481 1116 1664 1190 defuncto
1704 1119 1932 1216 Chilperico,
2035 1131 2051 1157 '

181 1236 365 1332 quicum
390 1234 623 1334 flaginfrido
650 1235 706 1320 ad,
723 1234 940 1323 liudonem,
967 1240 1115 1307 Ducem
1140 1234 1380 1332 Aquitaniae,
1408 1233 1654 1334 confugerat,
1686 1242 1854 1338 regalem
1880 1241 1934 1315 se·

180 1352 268 1426 dem
295 1351 482 1426 contullit„
534 1351 620 1427 Post
644 1354 842 1452 proelium
867 1353 1114 1428 Vinciaeense
1139 1353 1327 1424 nimirum
1353 1346 1605 1451 Reginfridua
1633 1371 1671 1428 et
1697 1357 1932 1455 chilpericus

180 1497 270 1547 otuu
296 1474 469 1558 Eudone,
498 1472 567 1570 qui
593 1477 828 1546 Francorum
853 1472 1080 1567 imperiose
1117 1472 1366 1559 subduxerat,
1407 1470 1547 1545 foedus
1579 1491 1714 1547 contra
1750 1479 1932 1551 Carolum

180 1591 362 1664 inierant.
418 1591 494 1688 Qui
521 1614 752 1688 quamquam
779 1617 801 1664 a
826 1591 1045 1685 Chilpericu
1081 1615 1246 1689 regnum
1280 1607 1318 1661 et
1352 1614 1512 1661 munera
1546 1611 1760 1688 acceperat,
1796 1599 1933 1670 Carolo

181 1727 312 1782 tamen
338 1703 498 1780 resistere
522 1722 605 1781 rton
632 1726 803 1804 poterat,
839 1707 902 1780 sed
927 1704 1104 1780 ne'inito
1133 1708 1288 1804 quidem
1327 1730 1415 1778 cum
1452 1709 1587 1779 carolo
1626 1712 1855 1798 certamine,
1890 1712 1934 1786 sr-

181 1826 267 1900 mul
293 1840 382 1898 c'um
409 1825 624 1920 chilperico
652 1843 690 1897 et
715 1823 951 1924 Raginfredo
977 1823 1092 1923 fugae
1117 1825 1155 1896 se
1179 1822 1396 1896 mandabat.
1451 1823 1609 1896 Carolus
1637 1845 1765 1910 autem
1791 1828 1837 1899 ab
1858 1835 1934 1903 Eu·

99 2019 105 2026 ,
181 1943 285 2018 done
311 1939 537 2038 postulabat,
564 1959 610 2047 ut
624 1940 875 2037 'chilpericus
900 1941 970 2016 libi
997 1943 1227 2029 moderatur,
1255 1943 1317 2015 cui
1342 1964 1488 2013 nomen
1525 1942 1649 2040 regale
1685 1942 1865 2040 permisit.
1881 1943 1932 2040 ¹¹)

182 2062 444 2158 chilpericum
480 2074 573 2162 vero
599 2083 694 2132 mox
719 2059 869 2133 secutus
885 2056 946 2156 ⁸est
980 2059 1244 2135 Theodericus
1271 2050 1333 2157 lv}
1386 2054 1588 2154 Postquam
1624 2061 1744 2159 igitur
1779 2062 1934 2138 fortitu-
1974 2060 1983 2068 ’

180 2180 273 2255 dine
299 2179 364 2253 sua
380 2171 431 2270 ¹²)
459 2178 647 2253 summam
666 2175 753 2249 'fere
778 2173 1002 2274 potestatem
1029 2181 1188 2251 Carolus
1215 2175 1397 2250 assecutus
1424 2173 1534 2249 firiffe
1558 2177 1784 2268 videbatur,
1812 2182 1935 2254 maxi·

179 2323 247 2373 mo
272 2297 375 2370 haud
400 2295 536 2384 dubie,
570 2296 795 2393 quominus.
812 2294 860 2367 ad
886 2296 1070 2367 ultimum
1108 2296 1234 2390 ipsum
1265 2290 1461 2390 potestatis
1505 2291 1698 2394 fastigium
1735 2302 1945 2393 pervenire.

179 2414 310 2514 posset,
337 2415 619 2510 impedimento
647 2414 683 2482 ei
710 2430 819 2482 erant
843 2413 1037 2482 naturales
1064 2411 1153 2480 illae
1179 2430 1217 2481 et
1243 2411 1730 2486 inveterataeNeustrasrot
1757 2417 1858 2487 inter
1898 2436 1936 2490 et

163 2529 385 2607 'Australios
413 2526 679 2613 diffensrones,
715 2551 811 2624 quae
844 2525 995 2622 proelio
1032 2522 1266 2599 Vinciacensr
1302 2549 1386 2598 non
1423 2525 1542 2599 morlo
1576 2527 1704 2602 denuo
1740 2533 1935 2621 excitatae,
2058 2512 2066 2523 κ

182 2650 246 2724 sed
273 2649 388 2722 etiam
413 2663 544 2718 auctae
570 2642 735 2744 strarant.
806 2649 906 2714 Nam
940 2639 1012 2715 uisi
1044 2667 1139 2716 mox
1172 2644 1214 2714 in
1244 2643 1494 2719 concordiam
1519 2660 1558 2717 et
1583 2646 1801 2719 animorum
1827 2652 1936 2725 illam

46 2752 51 2758 ⁵
183 2763 474 2844 consensionem
499 2762 647 2837 suerint
672 2778 947 2849 commutatae,
985 2785 1081 2857 quae
1106 2761 1286 2858 periculis
1321 2746 1548 2837 instantibus
1585 2762 1687 2834 inter
1720 2765 1824 2861 ipsos
1862 2769 1937 2843 ini·

181 2881 400 2996 miciffimos
426 2884 654 2980 plerumque
680 2874 849 2960 efficitur,
877 2878 1124 2954 vehementer
1149 2877 1387 2966 dubitarem,
1422 2903 1472 2952 an
1507 2880 1652 2953 Maiori
1687 2883 1826 2957 domus
1864 2913 1936 2962 un·

108 3096 113 3105 ¹
181 3030 298 3105 quam
324 3001 819 3100 contigerit,·Francorum
844 3022 966 3097 regno
1003 2998 1146 3107 potiri.⁴
1198 3003 1290 3070 Erat
1324 3022 1416 3071 vero
1451 2998 1526 3071 hoc
1559 3000 1795 3094 periculum,
1833 3008 1937 3101 quod
2063 3024 2069 3039 ·

51 3165 62 3177 ·
179 3149 288 3200 nunc
312 3127 551 3194 Francorum
577 3118 740 3206 animos,
769 3118 906 3192 Carolo
933 3115 1040 3198 duce,
1067 3116 1116 3188 ad
1141 3114 1390 3187 concordiem
1416 3116 1670 3204 consociabat,
1698 3120 1820 3193 subita
1854 3130 1935 3195 Sar.

181 3262 410 3314 racenorum
436 3238 480 3312 in
506 3241 741 3311 Francorum
766 3235 863 3308 linea
889 3235 1069 3332 irruptio.
1132 3234 1229 3307 Satio
1262 3250 1403 3306 notum
1441 3229 1514 3319 est,
1549 3235 1765 3333 quomodo,
1785 3241 1829 3311 in
1865 3243 1935 3313 Hi·

180 3357 357 3456 spaniam
383 3357 632 3462 pronrperint
658 3347 853 3428 sarraceni
878 3371 918 3429 et
952 3350 1161 3449 Hispaniae·
1198 3351 1294 3427 finer
1338 3348 1551 3453 transgressi
1586 3354 1744 3444 suerint,
1758 3349 1811 3448 ¹³)
1839 3385 1934 3457 quo·

81 3528 84 3538 ·
181 3478 301 3552 modo
328 3472 452 3553 Eudo,
479 3474 547 3570 qui
572 3474 713 3562 Caroli,
740 3469 903 3546 Maioris
931 3473 1082 3560 domus,
1109 3472 1317 3568 imperium
1343 3494 1465 3570 aequo
1493 3472 1626 3547 animo
1664 3470 1832 3571 perferre
1863 3500 1936 3551 no·
2060 3458 2063 3465 ¹

180 3597 266 3676 luit,
295 3591 430 3668 foedus
458 3615 547 3663 cum
570 3596 759 3676 Munuza,
787 3591 883 3663 duce
909 3592 1077 3689 quodam
1103 3596 1417 3679 Sarracenorum,
1445 3591 1596 3679 inierit,
1611 3583 1663 3684 ¹⁴)
1699 3611 1738 3667 et
1770 3595 1825 3667 ita
1860 3595 1936 3669 Ab·

182 3710 416 3788 derramanis
442 3710 541 3781 iram
565 3732 647 3781 non
674 3702 792 3782 modo
818 3706 897 3790 libi,
922 3708 985 3782 sed
1012 3711 1128 3783 etiam
1154 3709 1310 3782 Francia
1336 3710 1537 3805 paraverit.
1591 3710 1849 3784 Abdere-aman
1870 3738 1936 3788 au·

182 3847 263 3902 tem
300 3832 341 3902 in
375 3826 626 3924 Aquitaniam
663 3824 873 3911 invadent,
914 3829 1094 3899 omnium
1120 3827 1262 3924 animia
1288 3845 1488 3923 propterea
1511 3831 1716 3926 praecipue
1743 3810 1936 3904 summum

183 3964 369 4019 terrorem
394 3943 617 4032 iniiciebat,
653 3944 761 4042 quod
799 3939 1098 4051 Christianorum
1131 3948 1275 4041 templa
1300 3962 1339 4017 et
1372 3942 1597 4045 monasteria
1633 3948 1835 4044 praecipue
1867 3947 1936 4021 de·

181 4057 426 4152 struebat-¹³)
450 4087 533 4136 non
559 4065 757 4163 ignorans,
784 4078 928 4158 quanta
952 4060 999 4134 lit
1025 4063 1128 4157 apud
1162 4059 1296 4136 Christi
1322 4065 1486 4138 cultores
1511 4064 1653 4137 horum
1678 4068 1853 4158 locorum
1878 4091 1936 4141 ro-

92 4271 94 4277 ,
183 4180 368 4264 verentia,
396 4166 635 4278 quantaeque
660 4180 719 4253 ibi
743 4182 889 4254 lateant
915 4203 1009 4277 oper
1035 4196 1075 4251 et
1099 4179 1267 4254 divitiae.
1330 4182 1505 4256 Arduum
1543 4181 1664 4280 igitur
1701 4200 1741 4256 et
1774 4172 1938 4282 graviffiss

185 4296 371 4374 arumde
396 4301 572 4394 Europae
597 4299 716 4372 salute
743 4295 905 4370 inflabat
931 4317 1134 4384 certamen,
1162 4297 1279 4395 quod,
1306 4297 1379 4371 nifi
1407 4301 1545 4371 Garolo
1572 4297 1676 4380 duce,
1703 4301 1840 4374 Franci
1860 4302 1939 4377 for·

190 4416 278 4491 tasse
305 4414 405 4488 inire
430 4437 481 4484 ne
508 4413 584 4486 auli
611 4415 766 4509 quidem
792 4413 948 4486 fuerint.
999 4416 1160 4487 Carolus
1186 4439 1299 4499 vero,
1328 4416 1557 4490 consociatio
1591 4417 1713 4493 totius
1741 4421 1850 4520 regni
1875 4445 1940 4494 co·

187 4537 277 4632 piir,
303 4556 387 4609 non
413 4530 533 4605 modo
552 4531 726 4630 suscepit
752 4547 955 4616 certamen,
983 4531 1047 4606 sed
1072 4531 1188 4605 etiam
1213 4531 1340 4607 victor
1364 4531 1455 4608 iude
1480 4535 1687 4610 maximam
1703 4535 1773 4612 libi
1790 4536 1940 4636 suisque

1573 4674 1621 4744 Μ
