4590 5364
885 350 1092 428 --aa
1189 364 1337 391 -··

187 541 393 627 valuiil'etl
419 536 511 618 llrat
536 540 649 617 enim'
669 538 761 616 eiua
777 534 941 638 potestat
966 564 1051 614 non
1076 540 1120 616 vi
1145 556 1185 615 et
1210 520 1325 615 armis
1352 537 1564 632 crudeliter,
1591 540 1655 617 sed
1678 542 1943 627 veravi‘rtute·

188 686 228 742 et
253 652 533 765 moderatione,
554 685 642 735 non·
665 658 793 733 subito
819 676 858 732 et
883 657 1072 748 fortuito,
1098 656 1162 735 fed
1185 685 1315 734 rerum
1339 656 1562 749 necellitate,
1587 687 1672 736 non
1697 664 1850 738 Francis
1877 664 1937 737 in·-
1984 647 1986 650 ¹

184 784 293 867 vitie.
321 780 386 856 sed
411 781 545 880 potius
570 778 843 853 adiuvantibus
871 794 1022 874 parata3
1062 795 1101 851 et
1126 777 1235 852 sicuti
1259 779 1336 852 hoc
1361 780 1480 853 modo
1506 778 1802 854 fundamentum
1828 800 1934 877 pote·
1964 875 1974 883 -

182 899 291 978 urta
312 926 386 999 -per
411 899 450 973 fe
475 897 576 972 satia'
591 897 745 971 limium
769 895 972 970 ridebatur
996 893 1079 983 elle,
1107 895 1162 970 ita
1187 897 1345 994 Pippini
1370 895 1529 998 inlignis
1556 899 1624 970 illa
1650 880 1854 995 prudentia
1876 897 1936 970 iir-

184 1016 349 1093 miffirbo
369 1017 406 1091 ei
429 1040 536 1091 nunc
561 1032 642 1089 erat
667 1011 851 1112 praefidio
879 1032 991 1115 atque
1017 1014 1265 1089 adminiculo.
1304 1015 1498 1111 Pippinue
1513 1017 1618 1090 enim
1636 1018 1688 1088 ita
1715 1000 1934 1113 imperabat,

184 1156 235 1212 ut
256 1118 619 1234 optimuaqrrieque
645 1132 728 1206 eiua
754 1132 919 1229 imperio
947 1132 984 1204 se
1011 1133 1194 1233 lubiicere
1227 1157 1312 1206 non
1338 1133 1547 1223 dubitaret,
1583 1161 1708 1231 neque
1734 1135 1937 1233 quisquam

186 1255 309 1330 alium
334 1270 373 1327 et
398 1255 599 1326 meliorem
623 1250 838 1347 principem
864 1249 1094 1323 delideraret
1147 1252 1361 1355 Quodque
1388 1271 1467 1326 arte
1493 1250 1669 1340 effecerit,
1696 1278 1745 1329 ex
1769 1254 1937 1350 superio·

183 1374 291 1448 ribus
310 1388 426 1469 patet.
465 1369 627 1444 sedulia
653 1368 739 1441 sane
766 1385 844 1441 arte
871 1394 969 1466 opus
996 1384 1076 1442 erat
1101 1367 1148 1441 ad
1175 1384 1432 1466 comparatam
1458 1371 1571 1444 semel
1596 1368 1819 1466 potestatem
1846 1395 1936 1443 con·

182 1488 405 1567 servandam
437 1504 552 1586 atque
585 1483 905 1584 amplificandam.
970 1482 1170 1584 Postquam
1196 1488 1316 1586 igitur
1341 1490 1488 1586 proelio
1517 1486 1763 1562 Textricienfi
1790 1488 1937 1563 bellum

181 1605 405 1685 intestinum
440 1606 597 1679 linitum
632 1602 780 1692 fuerat,
818 1606 944 1703 prime
982 1622 1021 1678 et
1058 1605 1240 1701 primaria·
1262 1606 1421 1702 Pippini
1447 1627 1535 1679 cura
1562 1607 1606 1678 in
1632 1631 1680 1679 eo
1706 1607 1935 1693 versabatur,

180 1744 227 1799 ιιι
249 1722 409 1823 prillina
435 1722 639 1819 disciplina
666 1739 704 1794 et
730 1723 826 1796 ordo
852 1719 1118 1810 restitueretur,
1144 1745 1224 1819 quo
1250 1719 1420 1795 restituto
1438 1723 1605 1795 maxime
1632 1721 1813 1819 sperabat,
1840 1724 1935 1810 fore,
2017 1709 2024 1718 ’

180 1861 226 1917 ιιι
250 1839 411 1939 pristina
435 1840 589 1913 Francis
614 1841 750 1926 virtus,
773 1828 878 1912 'avita
892 1863 1063 1911 morum
1084 1837 1302 1935 limplicitar
1329 1838 1479 1912 rediret.
1504 1874 1507 1891 ·
1531 1846 1784 1938 Quapropter,
1811 1840 1936 1937 prius'·

186 1986 303 2060 quam
319 1959 378 2055 „ed
402 1953 606 2030 auſtrales
632 1957 799 2044 redibat,
825 1980 876 2028 ne
903 1955 996 2053 quid
1022 1974 1155 2029 contra
1182 1954 1360 2031 ordinem
1387 1954 1497 2056 egille
1520 1957 1718 2047 videatur,
1755 1957 1937 2032 Nortber·

181 2099 269 2154 tum
303 2072 522 2153 Neullraliie
553 2075 747 2147 Maiorem
782 2073 920 2148 domus
955 2073 1214 2171 praeponebat
1228 2070 1274 2166 ¹).
1338 2075 1399 2148 Ad
1436 2074 1677 2172 disciplinam
1715 2102 1807 2151 vero
1834 2072 1937 2149 relli-

180 2186 363 2272 tuendam
388 2192 591 2291 praecipite
616 2191 830 2290 pertinebat
856 2193 1112 2280 Placitorum,
1148 2216 1244 2290 quae
1270 2193 1424 2290 publica
1451 2192 1519 2266 illa
1546 2195 1711 2269 concilia
1746 2196 1935 2268 vocaban-

179 2334 264 2404 tur,
298 2310 501 2389 renovatio
514 2303 563 2402 ²).
625 2311 872 2382 Intellexerat
908 2310 1013 2381 enim
1046 2300 1234 2404 Pippinua
1246 2363 1256 2396 ,
1298 2329 1444 2406 quanta¹
1468 2336 1516 2382 ex
1541 2312 1601 2387 his
1630 2315 1805 2386 conciliis
1833 2337 1935 2386 com·

179 2434 295 2507 moda
321 2450 408 2529 tum
433 2430 481 2500 ad
507 2445 662 2524 gentem
688 2431 947 2509 Francorum,
982 2441 1068 2517 tum
1094 2425 1141 2496 ad
1166 2426 1203 2496 se
1229 2425 1356 2519 ipsum
1381 2425 1647 2500 redundarent.
1701 2437 1801 2500 Nam
1827 2427 1936 2500 sicuti

179 2532 447 2624 anniversariis
464 2542 621 2615 Placitie
651 2546 888 2625 Francorum
911 2539 1032 2612 animi
1068 2539 1116 2611 ad
1151 2563 1284 2634 pacem
1309 2559 1348 2614 et
1374 2543 1620 2614 concordiam
1646 2544 1934 2643 conirmgeban·

179 2686 263 2755 tur,
301 2665 357 2738 ita
395 2662 528 2734 eadem
559 2659 705 2732 Maiori
737 2659 875 2732 domus
912 2655 1101 2752 optimam
1125 2659 1361 2733 Francorum
1388 2659 1540 2732 animos
1566 2659 1635 2733 fibi
1660 2662 1936 2735 reconciliandi

180 2782 413 2883 praebebant
439 2778 790 2876 opportunitatem,
829 2775 973 2870 quippe
1009 2772 1151 2870 quibus
1175 2777 1310 2848 Franci
1335 2778 1497 2851 Maioris
1524 2778 1663 2852 domus
1689 2777 1935 2855 confiliomm

179 2899 386 3000 participer
423 2880 527 2995 duest
563 2912 678 2993 atque
704 2892 849 2966 conscii
873 2889 1032 2977 lierent5
1067 2914 1146 2988 quo
1171 2893 1272 2965 nihil
1297 2894 1345 2966 ad
1372 2896 1598 2991 captandam
1623 2896 1936 2971 benevolentiam

77 3040 84 3049 ’
178 3020 268 3116 plue
293 3019 419 3093 valere
443 3008 577 3111 potest.
629 3010 782 3085 Deinde
806 3032 898 3082 vero
925 3008 1160 3082 elericorum
1186 3012 1389 3113 praecipue
1418 3000 1596 3088 favorem
1618 3012 1688 3087 fibi
1715 3035 1933 3112 comparare

179 3132 368 3220 studebat,
405 3155 493 3205 non-
525 3133 733 3231 ignorans,
770 3144 954 3228 quantam
978 3143 1074 3201 tunc
1096 3128 1183 3200 vim
1209 3130 1446 3202 clericorum
1472 3132 1590 3204 verba
1614 3133 1662 3203 ad
1687 3135 1826 3228 populi
1854 3135 1935 3205 ani·

179 3276 267 3326 moa
294 3264 522 3325 exercerent.
575 3248 748 3322 Debictie
782 3263 907 3319 autem
934 3245 1098 3319 intemie
1124 3245 1297 3318 inimicia
1323 3264 1362 3318 et
1387 3251 1479 3345 pace
1504 3245 1697 3336 rellituta,
1731 3249 1833 3322 haud
1859 3248 1935 3324 dia·

179 3370 265 3467 pari
289 3366 447 3442 fortuna
473 3383 605 3441 contra
631 3366 815 3440 finitimas
840 3382 995 3465 gentes,
1038 3376 1135 3460 qu'ae
1172 3368 1407 3439 Francorum
1444 3367 1612 3440 civitatis
1646 3367 1935 3465 perturbatione

180 3488 331 3561 adiutae
355 3484 570 3559 libertatem
594 3483 665 3557 fibi
690 3506 908 3579 recuperare
934 3499 1093 3554 conatae
1118 3499 1246 3570 erant,
1272 3483 1487 3583 pugnabat,
1522 3485 1599 3572 ita,
1627 3502 1780 3560 utnon
1813 3485 1939 3559 modo⁸

178 3605 348 3705 Pippini,
380 3600 444 3676 led
469 3603 586 3675 etiam
611 3606 845 3677 Francorum
871 3600 993 3698 gloria
1019 3599 1148 3674 denuo
1174 3599 1221 3672 ad
1247 3618 1392 3675 exterae
1417 3626 1540 3698 usque
1578 3620 1711 3702 gentes
1737 3628 1934 3701 permana-

180 3739 249 3795 ret.
302 3729 404 3797 Nam
428 3724 578 3804 multae·
597 3744 646 3791 ex
671 3717 849 3792 finitimis
876 3736 914 3790 et
939 3719 1078 3791 exteris
1095 3717 1277 3818 gentibue
1298 3720 1456 3816 Pippini
1473 3721 1663 3794 amicitiae
1679 3717 1888 3806 studebant,
1902 3716 1937 3814 ³)

185 3857 376 3936 quantum
408 3840 492 3913 eiua
526 3836 674 3924 favori,
710 3859 759 3908 ex
792 3835 902 3908 cuitu
936 3834 1094 3907 arbitrio
1120 3861 1213 3935 gene
1240 3842 1477 3911 Francorum
1502 3856 1650 3939 ageret,
1686 3839 1937 3913 tribuendum

179 3954 248 4044 fit,
284 3979 371 4029 non
405 3957 573 4058 ignarae.
640 3960 747 4052 Quae
772 3952 904 4025 omnia
930 3969 1076 4050 quanto
1100 3954 1194 4049 plue
1216 3952 1264 4027 ad
1289 3956 1508 4054 aagendam·
1529 3958 1689 4053 Pippini
1715 3953 1936 4053 potestatem

181 4072 428 4163 contulerint,
456 4093 568 4148 tanto
593 4072 719 4172 magis
736 4071 958 4144 mirandum
983 4067 1053 4143 elle
1075 4070 1262 4160 rideatur,
1289 4073 1502 4170 Pippinrmr
1522 4079 1757 4148 Francorum
1774 4095 1937 4173 regnum

179 4189 360 4267 nondum
378 4188 448 4264 fibi
472 4193 624 4289 suisque
648 4186 871 4265 vindicaile.
916 4188 969 4259 Δι
992 4186 1021 4260 fi
1047 4188 1138 4283 quie
1159 4193 1379 4264 accuratius·
1396 4208 1617 4287 temporum
1636 4191 1825 4264 rationem
1844 4216 1935 4266 con·

179 4307 415 4393 fideraverit,
456 4330 540 4382 non
565 4325 647 4380 tam
671 4309 832 4404 Pippini
858 4305 1158 4393 cunctationem,
1185 4328 1301 4405 quam
1326 4307 1572 4404 prudentiam
1597 4309 1810 4383 mirabitur.
1864 4315 1935 4383 lle·

182 4424 340 4502 staurota
366 4423 475 4498 enim
498 4425 568 4498 vix
592 4440 632 4495 et
655 4425 834 4497 nondum
857 4421 948 4495 satie
974 4422 1122 4496 firmata
1147 4444 1253 4520 pace,
1279 4423 1363 4501 fieri
1387 4447 1471 4499 non
1497 4422 1688 4523 pomillet,
1716 4429 1813 4524 quin
1835 4453 1934 4502 nova
1984 4522 1989 4529 ι

181 4546 296 4644 regni
316 4540 511 4621 effetatio
542 4564 677 4620 novat·
704 4540 929 4621 mutaverit
970 4537 1202 4634 dboordha,
1249 4558 1293 4619 et
1314 4539 1460 4620 etiami
1484 4540 1666 4621 auſtrali
1684 4546 1858 4644 Pippino·
1878 4572 1934 4616 re·
