4590 5364
928 351 1047 414 .-
1148 286 1358 428 ⁶⁵2·—

293 524 448 620 ermque
474 521 614 610 scelus,
642 519 718 619 qno
745 520 885 598 domus
911 523 1016 623 regia
1043 520 1246 630 slagr'abat,
1282 521 1386 595 idem
1420 523 1562 622 vulgus
1592 522 1737 598 'maiori
1770 525 1886 609 etiem
1919 523 2051 599 imore

292 657 408 736 atque
435 641 590 713 audacia
616 641 837 715 imitabatur
851 634 897 733 ³).
950 643 1090 715 Nullus
1118 660 1196 714 erat
1222 640 1329 728 ordo,
1356 643 1466 713 nnlla
1490 633 1702 737 disciplina,
1728 668 1812 722 nort
1838 644 2047 718 sacramen·

292 775 335 828 to
363 757 613 859 suareligio,
652 777 690 833 et
715 757 962 834 sanctissimam
989 759 1068 856 ipse
1093 763 1202 833 locus
1229 784 1280 832 ne
1306 760 1502 831 sanctitate
1529 761 1594 833 sua
1621 746 1889 856 quidemssnis
1916 763 2044 835 tueba-

285 891 386 962 tur,
404 878 507 973 quod
523 880 679 974 'quanto
705 879 827 978 magis
854 896 948 951 tunc
976 879 1102 952 omnis
1130 878 1210 950 fere
1241 879 1505 975 et'praecipna
1540 875 1757 952 christianae
1784 880 1873 952 fidei
1898 880 1959 956 vis
1987 899 2041 952 at·

290 1016 368 1088 qne
400 988 531 1069 notio
551 998 595 1067 in
630 998 807 1071 loeonma
841 998 1032 1071 sacrorum
1066 997 1279 1069 reverentia
1306 998 1432 1093 atque'
1446 996 1632 1093 religione
1659 997 1779 1092 posita
1805 995 1912 1070 fuisse
1938 998 2043 1071 vide·

290 1126 375 1193 tur,
403 1127 511 1185 tanto
537 1115 772 1189 luculentius
798 1115 985 1213 temporis
1012 1114 1263 1212 perversitatis
1289 1114 1441 1211 praebet
1467 1109 1740 1210 testimonium.
1794 1122 1887 1190 Non
1913 1115 2041 1189 desue-

145 1319 153 1329 κ
287 1245 381 1300 nmt
406 1228 516 1320 sane,
556 1234 625 1329 qui
652 1234 696 1306 in
721 1233 793 1306 hac
818 1235 898 1331 ipsa
933 1230 1133 1306 christiana
1159 1235 1346 1333 religione
1372 1231 1474 1329 quast
1501 1230 1694 1329 quoddam
1718 1236 1910 1309 malorum
1935 1257 2041 1328 prae·

218 1359 219 1363 ’
285 1342 445 1437 sidium,
472 1352 676 1447 probitatis
704 1352 872 1449 asylum,
912 1352 1093 1455 dolorum
1116 1355 1288 1425 lenimen
1300 1369 1353 1424 *et
1378 1353 1563 1424 ultimum
1588 1369 1627 1424 et
1653 1350 1756 1449 quasi
1792 1353 1957 1427 unicum
1993 1353 2067 1427 in.

130 1549 135 1570 .
201 1498 206 1513 ι
288 1479 400 1541 tanto
436 1494 567 1541 rerum
601 1469 826 1544 discrimine
861 1471 1040 1544 solatium
1076 1472 1239 1567 reperire
1264 1470 1333 1543 sibi
1358 1471 1588 1544 viderentur.
1648 1472 1701 1545 At
1727 1469 1814 1566 quis
1840 1489 1920 1545 erat
1944 1488 2038 1546 tunc

289 1580 385 1654 fidei
418 1583 637 1660 christianae
671 1586 813 1663 statuas
876 1595 1001 1686 Quam
1034 1587 1103 1661 fibi
1140 1607 1222 1660 tota
1248 1590 1314 1661 illa
1349 1606 1449 1662 aetas
1475 1589 1743 1685 imprimisque
1769 1590 2038 1686 imperitorum

204 1767 211 1779 .
284 1701 425 1802 vulgus
461 1708 507 1779 de
545 1731 633 1780 vera
670 1706 893 1805 religionis,
933 1729 1050 1802 qnam
1088 1704 1253 1779 Christus
1279 1704 1577 1800 praedicaverat,
1610 1704 1755 1778 virtute
1781 1724 1893 1803 atque
1919 1708 2037 1782 salute

283 1813 444 1897 finxerat
471 1823 726 1919 opinionem?
766 1824 917 1920 Quod
904 1850 947 1894 ιιι
972 1823 1081 1893 libris
1108 1823 1220 1893 saeris
1247 1823 1426 1894 solatium
1452 1846 1587 1895 eorum
1612 1823 1735 1897 animi
1760 1843 1939 1937 poterant
1973 1826 2034 1899 in·
2148 1922 2151 1927 Ι

284 1939 438 2028 venire,
466 1941 557 2040 qni,
585 1960 727 2038 quanta
753 1938 800 2014 sit
824 1942 963 2014 horum
988 1938 1180 2013 librorum
1204 1936 1453 2036 praestantia,
1481 1939 1612 2013 animo
1638 1965 1690 2012 ne
1717 1944 2035 2038 comprehendere

283 2055 441 2152 quidem
465 2059 674 2157 poterant?
699 2097 751 2114 -
802 2060 904 2158 Quid
928 2059 1074 2133 mirum
1099 2059 1240 2157 igitur,
1276 2055 1351 2131 si
1339 2075 1515 2134 intanta
1542 2060 1706 2133 omnino
1732 2085 1860 2140 rerum
1886 2080 2033 2159 pertur-

283 2173 439 2250 batione
474 2169 657 2267 crimina,
694 2203 789 2276 quae
823 2178 957 2275 quieto
995 2195 1034 2251 et
1067 2178 1218 2274 placato
1250 2177 1308 2248 rei
1340 2178 1517 2273 publicae
1552 2174 1650 2250 statu
1681 2180 1823 2276 optimi
1849 2182 2033 2281 cuiusque

279 2293 455 2368 animum
480 2317 636 2395 propter
661 2298 783 2393 ipsam
807 2298 1035 2392 pravitatem
1061 2314 1204 2367 terrore
1241 2313 1279 2367 et
1312 2291 1464 2369 fastidio
1497 2297 1682 2391 implent,
1721 2298 1901 2371 omnibus
1928 2323 2032 2373 conr·

267 2410 393 2515 fintani
418 2432 456 2489 et
482 2414 584 2509 quast
609 2414 859 2509 quotidianae
885 2432 993 2483 erant
1018 2410 1316 2484 consuetudinis
1367 2412 1634 2486 Veneficomm
1660 2433 1756 2487 artes
1778 2434 1828 2490 ne
1854 2414 2030 2493 sancdffi·

281 2551 392 2600 mum
416 2531 571 2626 quidem
599 2530 778 2602 deterruit
787 2520 846 2619 ⁴);
884 2512 1131 2628 austregildis
1158 2529 1289 2628 regina
1315 2529 1357 2601 in
1385 2528 1469 2625 ipso
1494 2531 1632 2605 mortis
1659 2532 1880 2635 discrimine
1906 2534 2031 2609 homi·

281 2645 392 2719 cidiis
419 2647 455 2720 se
473 2649 675 2745 inquinare
692 2673 775 2721 non
794 2646 1029 2748 flagitiosum
1046 2648 1198 2754 putavit
1207 2641 1254 2738 ἦ).
1292 2649 1451 2723 Crudele
1468 2646 1545 2720 suit
1560 2651 1771 2722 Mummoli
1797 2651 2030 2748 supplicium

180 2792 186 2801 ·
281 2780 320 2836 et
345 2757 521 2858 mors⁶);
550 2769 672 2847 acrior
697 2766 1025 2867 atque-crudelior
1050 2766 1315 2867 fredegundis
1335 2769 1446 2853 ultio,
1476 2766 1522 2839 ad
1549 2793 1664 2865 quam
1690 2787 1775 2841 tum
1793 2787 1927 2845 contra
1950 2747 2049 2859 eoa,¹

279 2882 349 2980 qui
374 2883 489 2982 ipfius
515 2885 633 2958 filiam
659 2887 897 2987 Rigunthem
922 2911 1007 2959 non
1033 2887 1151 2959 modo
1178 2887 1330 2961 divitiis
1356 2905 1394 2959 et
1421 2886 1560 2983 opibus
1587 2889 1797 2983 privarant,
1824 2888 2029 2964 sedetiam
2107 2998 2113 3004 ἰ
2161 2942 2168 2955 ·

277 3003 391 3076 omni
426 3002 607 3100 praesidio
647 3024 685 3079 et
711 3008 856 3079 anxilio
883 3001 1098 3078 destitutam
1123 3004 1266 3102 perfido
1292 3005 1410 3080 modo
1439 3001 1744 3097 deseruerant⁷),
1781 3024 1867 3080 tum
1894 3027 2028 3083 contra
2094 3033 2106 3045 ·
2161 3066 2167 3077 ,

275 3123 555 3194 Praetextatum
582 3123 830 3222 Episcopum,
857 3125 925 3224 qui
950 3122 1065 3221 ipsius
1092 3124 1280 3197 malitiam
1304 3125 1423 3196 nimis
1450 3126 1576 3198 severe
1602 3118 1936 3220 perstrinxerat'⁰),
1964 3151 2029 3201 ve·

172 3291 176 3299 .
278 3235 551 3313 hementiffime
587 3242 734 3318 exarfit.
788 3242 861 3343 Ipsi
887 3245 1071 3341 Episcopi
1098 3261 1137 3315 et
1162 3244 1276 3316 ceteri
1302 3243 1443 3328 clerici,
1470 3241 1612 3339 quibua
1635 3241 1814 3315 sanctum
1835 3243 2029 3342 quoddam

278 3352 392 3426 inesse
419 3359 548 3449 aetatis
574 3359 786 3458 superstitio
823 3365 1006 3460 putabat,
1045 3362 1137 3434 talia
1163 3361 1265 3433 haud
1290 3385 1376 3434 raro
1415 3359 1588 3434 facinora
1622 3360 1845 3459 patrabant,
1885 3387 2027 3460 quaea

277 3472 475 3547 sanctitate
500 3479 665 3553 maxime
691 3483 892 3555 abhorrere
917 3475 1171 3572 vidennnv)
1226 3487 1323 3563 Cum
1349 3505 1441 3554 vero
1466 3480 1589 3579 magis
1615 3481 1813 3578 magisque
1828 3505 1932 3580 reges
1958 3506 2028 3579 po·

275 3594 433 3690 pulum,
462 3596 569 3668 cuius
596 3599 680 3669 ab
668 3600 788 3674 initio
815 3603 929 3673 duces
955 3598 1109 3672 fuerant
1134 3617 1247 3696 atque
1272 3617 1455 3685 rectores,
1491 3623 1512 3670 a
1547 3598 1584 3670 se
1610 3595 1897 3672 abalienarent¹
1898 3596 1954 3690 ⁰),
1990 3619 2028 3673 et

276 3731 358 3784 non
395 3713 517 3786 modo
547 3714 747 3790 discordiis
784 3720 877 3804 illis,
904 3718 1182 3792 verumetiam
1206 3719 1322 3790 novis
1349 3712 1701 3813 voluptatibus¹¹),
1730 3742 1824 3834 quae
1850 3714 2027 3814 pristinae

276 3822 509 3907 fortitudini
530 3835 682 3931 prorsus
717 3835 1006 3935 repugnabant,
1041 3842 1276 3909 Francorum
1308 3835 1411 3909 vires
1445 3835 1689 3909 debilitarent
1714 3860 1917 3932 moresque
1943 3861 2026 3909 cor·

276 3968 518 4042 rumperent,
556 3979 674 4029 nemo
708 3954 932 4042 mirabitur,
964 3955 1042 4028 hoc
1078 3957 1252 4049 tempore
1277 3959 1513 4027 Francorum
1549 3952 1821 4028 fortitudinem
1855 3978 1928 4026 nec
1962 3979 2027 4029 ex·

274 4062 458 4152 oellnilse,
496 4094 569 4145 nec
603 4076 650 4146 ad
683 4077 794 4174 regni
827 4072 923 4147 fines
957 4073 1227 4172 propagandos
1252 4075 1422 4146 multum
1447 4069 1656 4151 contulisse.
1710 4071 1895 4176 Quamvis
1920 4073 2045 4157 enim,

275 4170 523 4283 Iiongobardi
548 4188 726 4284 pristinae
752 4193 897 4266 scilicet
920 4197 1158 4265 Francorum
1176 4190 1421 4265 fortitudinis
1446 4181 1576 4273 batltl'
1564 4213 1807 4263 immemores
1820 4182 1896 4282 ¹²),
1922 4191 2025 4266 Chil-

195 4353 211 4379 ι
275 4300 422 4376 deberti
448 4305 609 4400 irnperio
639 4309 712 4383 sese
739 4310 989 4398 subiicerent,
1018 4328 1056 4383 et
1081 4308 1278 4395 interdum
1304 4309 1395 4383 dolo
1423 4325 1462 4381 et
1486 4308 1632 4381 artibus
1658 4308 1795 4406 magis,
1823 4333 1941 4405 qnam
1965 4332 2023 4383 tr·

273 4421 348 4494 mis
371 4418 694 4518 ‘vincerentur¹³),
722 4424 811 4500 satis
828 4445 967 4513 tamen,
996 4452 1090 4525 qnae
1115 4425 1161 4499 stt
1171 4432 1407 4499 Francorum
1431 4426 1567 4510 virtus,
1595 4443 1689 4499 tnnc
1714 4429 1904 4524 apperuit,
1932 4454 2022 4501 cum

274 4541 522 4644 Langobardi
548 4547 662 4622 armis
689 4569 791 4622 arma
817 4569 1012 4646 opponere
1037 4547 1224 4621 auderent
1234 4535 1300 4636 ¹⁴).
1352 4550 1434 4620 Nec
1458 4559 1626 4620 veterem
1640 4542 1712 4621 libi
1732 4547 2023 4647 gloriam-Gun-

1721 4685 1740 4752 1
