<?xml version="1.0" encoding="UTF-8"?>
<!DOCTYPE html PUBLIC "-//W3C//DTD XHTML 1.0 Transitional//EN"
    "http://www.w3.org/TR/xhtml1/DTD/xhtml1-transitional.dtd">
<html xmlns="http://www.w3.org/1999/xhtml" xml:lang="en" lang="en">
 <head>
  <title>
</title>
<meta http-equiv="Content-Type" content="text/html;charset=utf-8" />
  <meta name='ocr-system' content='tesseract 3.04.00' />
  <meta name='ocr-capabilities' content='ocr_page ocr_carea ocr_par ocr_line ocrx_word'/>
</head>
<body>
  <div class='ocr_page' id='page_1' title='image "./commentatiohist00zinkgoog_0054.png"; bbox 0 0 4590 5364; ppageno 0'>
   <div class='ocr_carea' id='block_1_1' title="bbox 312 659 1962 791">
    <p class='ocr_par' dir='ltr' id='par_1_1' title="bbox 312 659 1962 791">
     <span class='ocr_line' id='line_1_1' title="bbox 312 659 1962 791; baseline 0.001 -37"><span class='ocrx_word' id='word_1_1' title='bbox 312 675 435 756; x_wconf 75' lang='lat' dir='ltr'><strong>Restat</strong></span> <span class='ocrx_word' id='word_1_2' title='bbox 459 704 566 755; x_wconf 87' lang='lat' dir='ltr'><strong>nuno</strong></span> <span class='ocrx_word' id='word_1_3' title='bbox 584 675 761 778; x_wconf 78' lang='lat' dir='ltr'>quaestio,</span> <span class='ocrx_word' id='word_1_4' title='bbox 788 705 856 754; x_wconf 91' lang='lat' dir='ltr'><strong>cur</strong></span> <span class='ocrx_word' id='word_1_5' title='bbox 871 659 1003 791; x_wconf 74' lang='lat' dir='ltr'><strong>Maior</strong></span> <span class='ocrx_word' id='word_1_6' title='bbox 1020 683 1159 754; x_wconf 89' lang='lat' dir='ltr'><strong>domus</strong></span> <span class='ocrx_word' id='word_1_7' title='bbox 1184 705 1268 755; x_wconf 89' lang='lat' dir='ltr'><strong>non</strong></span> <span class='ocrx_word' id='word_1_8' title='bbox 1286 684 1393 779; x_wconf 81' lang='lat' dir='ltr'><strong>prius</strong></span> <span class='ocrx_word' id='word_1_9' title='bbox 1420 676 1706 780; x_wconf 81' lang='lat' dir='ltr'><strong>a&#39;scriptonbus</strong></span> <span class='ocrx_word' id='word_1_10' title='bbox 1725 683 1962 770; x_wconf 86' lang='lat' dir='ltr'><strong>nominetur,</strong></span> 
     </span>
    </p>
   </div>
   <div class='ocr_carea' id='block_1_2' title="bbox 19 798 2081 1018">
    <p class='ocr_par' dir='ltr' id='par_1_2' title="bbox 19 798 2081 1018">
     <span class='ocr_line' id='line_1_2' title="bbox 19 798 1961 917; baseline 0 -43"><span class='ocrx_word' id='word_1_11' title='bbox 19 826 23 837; x_wconf 93' lang='lat'>·</span> <span class='ocrx_word' id='word_1_12' title='bbox 92 845 95 849; x_wconf 92' lang='lat'><em>-</em></span> <span class='ocrx_word' id='word_1_13' title='bbox 210 820 249 874; x_wconf 86' lang='lat' dir='ltr'><strong>et</strong></span> <span class='ocrx_word' id='word_1_14' title='bbox 274 802 430 896; x_wconf 88' lang='lat' dir='ltr'><strong>quando</strong></span> <span class='ocrx_word' id='word_1_15' title='bbox 457 801 627 897; x_wconf 87' lang='lat' dir='ltr'><strong>primum</strong></span> <span class='ocrx_word' id='word_1_16' title='bbox 652 801 696 872; x_wconf 90' lang='lat' dir='ltr'><strong>in</strong></span> <span class='ocrx_word' id='word_1_17' title='bbox 723 805 958 917; x_wconf 78' lang='lat' dir='ltr'><strong>Francorum</strong></span> <span class='ocrx_word' id='word_1_18' title='bbox 984 826 1105 901; x_wconf 78' lang='lat' dir='ltr'><strong>regno</strong></span> <span class='ocrx_word' id='word_1_19' title='bbox 1134 798 1360 893; x_wconf 79' lang='lat' dir='ltr'><strong>constitutus</strong></span> <span class='ocrx_word' id='word_1_20' title='bbox 1386 799 1696 874; x_wconf 86' lang='lat' dir='ltr'><strong>suissevideatur.</strong></span> <span class='ocrx_word' id='word_1_21' title='bbox 1736 804 1848 898; x_wconf 80' lang='lat' dir='ltr'><strong>Quod</strong></span> <span class='ocrx_word' id='word_1_22' title='bbox 1869 803 1961 893; x_wconf 84' lang='lat' dir='ltr'><strong>dum</strong></span> 
     </span>
     <span class='ocr_line' id='line_1_3' title="bbox 209 914 2081 1018; baseline -0.001 -27"><span class='ocrx_word' id='word_1_23' title='bbox 209 919 422 1016; x_wconf 77' lang='lat' dir='ltr'><strong>quaerimus</strong></span> <span class='ocrx_word' id='word_1_24' title='bbox 449 919 619 1014; x_wconf 90' lang='lat' dir='ltr'><strong>primum</strong></span> <span class='ocrx_word' id='word_1_25' title='bbox 649 915 711 1005; x_wconf 82' lang='lat' dir='ltr'><strong>all,</strong></span> <span class='ocrx_word' id='word_1_26' title='bbox 740 919 784 989; x_wconf 93' lang='lat' dir='ltr'><strong>in</strong></span> <span class='ocrx_word' id='word_1_27' title='bbox 820 942 897 1014; x_wconf 90' lang='lat' dir='ltr'><strong>quo</strong></span> <span class='ocrx_word' id='word_1_28' title='bbox 926 914 1176 1006; x_wconf 87' lang='lat' dir='ltr'><strong>offendamus,</strong></span> <span class='ocrx_word' id='word_1_29' title='bbox 1216 920 1321 1016; x_wconf 88' lang='lat' dir='ltr'><strong>quod</strong></span> <span class='ocrx_word' id='word_1_30' title='bbox 1352 920 1395 989; x_wconf 90' lang='lat' dir='ltr'><strong>in</strong></span> <span class='ocrx_word' id='word_1_31' title='bbox 1428 927 1532 1018; x_wconf 84' lang='lat' dir='ltr'>Lege</span> <span class='ocrx_word' id='word_1_32' title='bbox 1561 920 1681 991; x_wconf 89' lang='lat' dir='ltr'><strong>Salica</strong></span> <span class='ocrx_word' id='word_1_33' title='bbox 1707 919 1870 991; x_wconf 88' lang='lat' dir='ltr'><strong>Maioris</strong></span> <span class='ocrx_word' id='word_1_34' title='bbox 1897 921 1964 992; x_wconf 91' lang='lat' dir='ltr'><strong>do·</strong></span> <span class='ocrx_word' id='word_1_35' title='bbox 2024 987 2030 998; x_wconf 87' lang='grc'><em>,</em></span> <span class='ocrx_word' id='word_1_36' title='bbox 2075 939 2081 967; x_wconf 74' lang='grc'><strong><em>·</em></strong></span> 
     </span>
    </p>
   </div>
   <div class='ocr_carea' id='block_1_3' title="bbox 205 1024 1962 1722">
    <p class='ocr_par' dir='ltr' id='par_1_3' title="bbox 205 1024 1962 1722">
     <span class='ocr_line' id='line_1_4' title="bbox 209 1024 1962 1134; baseline -0.001 -24"><span class='ocrx_word' id='word_1_37' title='bbox 209 1063 295 1110; x_wconf 85' lang='lat' dir='ltr'><strong>nms</strong></span> <span class='ocrx_word' id='word_1_38' title='bbox 324 1059 412 1108; x_wconf 89' lang='lat' dir='ltr'><strong>cum</strong></span> <span class='ocrx_word' id='word_1_39' title='bbox 434 1037 603 1108; x_wconf 89' lang='lat' dir='ltr'><strong>omnino</strong></span> <span class='ocrx_word' id='word_1_40' title='bbox 635 1024 732 1131; x_wconf 82' lang='lat' dir='ltr'><strong>non,</strong></span> <span class='ocrx_word' id='word_1_41' title='bbox 765 1052 850 1107; x_wconf 90' lang='lat' dir='ltr'><strong>tum</strong></span> <span class='ocrx_word' id='word_1_42' title='bbox 879 1038 1079 1132; x_wconf 80' lang='lat' dir='ltr'>praecipue</span> <span class='ocrx_word' id='word_1_43' title='bbox 1110 1037 1152 1108; x_wconf 91' lang='lat' dir='ltr'><strong>in</strong></span> <span class='ocrx_word' id='word_1_44' title='bbox 1178 1037 1232 1109; x_wconf 89' lang='lat' dir='ltr'><strong>eis</strong></span> <span class='ocrx_word' id='word_1_45' title='bbox 1258 1037 1396 1123; x_wconf 86' lang='lat' dir='ltr'><strong>titulis,</strong></span> <span class='ocrx_word' id='word_1_46' title='bbox 1427 1039 1565 1134; x_wconf 88' lang='lat' dir='ltr'><strong>quibus</strong></span> <span class='ocrx_word' id='word_1_47' title='bbox 1599 1038 1658 1108; x_wconf 72' lang='lat' dir='ltr'><strong>de&#39;</strong></span> <span class='ocrx_word' id='word_1_48' title='bbox 1677 1026 1962 1131; x_wconf 86' lang='lat' dir='ltr'><strong>Composrtione</strong></span> 
     </span>
     <span class='ocr_line' id='line_1_5' title="bbox 206 1149 1961 1253; baseline -0.001 -26"><span class='ocrx_word' id='word_1_49' title='bbox 206 1149 516 1253; x_wconf 88' lang='lat' dir='ltr'><strong>Ministerialium</strong></span> <span class='ocrx_word' id='word_1_50' title='bbox 544 1171 582 1223; x_wconf 91' lang='lat' dir='ltr'><strong>et</strong></span> <span class='ocrx_word' id='word_1_51' title='bbox 609 1178 819 1249; x_wconf 87' lang='lat' dir='ltr'><strong>puerorum</strong></span> <span class='ocrx_word' id='word_1_52' title='bbox 851 1155 1000 1251; x_wconf 84' lang='lat' dir='ltr'><strong>regium</strong></span> <span class='ocrx_word' id='word_1_53' title='bbox 1027 1152 1176 1252; x_wconf 90' lang='lat' dir='ltr'><strong>agitur,</strong></span> <span class='ocrx_word' id='word_1_54' title='bbox 1192 1149 1224 1245; x_wconf 82' lang='lat'><strong>¹)</strong></span> <span class='ocrx_word' id='word_1_55' title='bbox 1260 1179 1453 1250; x_wconf 81' lang='lat' dir='ltr'><strong>nusquam</strong></span> <span class='ocrx_word' id='word_1_56' title='bbox 1487 1155 1583 1227; x_wconf 89' lang='lat' dir='ltr'><strong>ulla</strong></span> <span class='ocrx_word' id='word_1_57' title='bbox 1603 1155 1750 1227; x_wconf 91' lang='lat' dir='ltr'><strong>mentio</strong></span> <span class='ocrx_word' id='word_1_58' title='bbox 1788 1152 1854 1242; x_wconf 85' lang='lat' dir='ltr'><strong>fit,</strong></span> <span class='ocrx_word' id='word_1_59' title='bbox 1890 1151 1961 1226; x_wconf 83' lang='lat' dir='ltr'><strong>nili</strong></span> 
     </span>
     <span class='ocr_line' id='line_1_6' title="bbox 207 1267 1960 1367; baseline -0.003 -20"><span class='ocrx_word' id='word_1_60' title='bbox 207 1273 307 1347; x_wconf 87' lang='lat' dir='ltr'><strong>forte</strong></span> <span class='ocrx_word' id='word_1_61' title='bbox 332 1267 628 1343; x_wconf 81' lang='lat' dir='ltr'><strong>Antrustionum</strong></span> <span class='ocrx_word' id='word_1_62' title='bbox 656 1271 785 1343; x_wconf 88' lang='lat' dir='ltr'><strong>ordini</strong></span> <span class='ocrx_word' id='word_1_63' title='bbox 821 1271 974 1343; x_wconf 88' lang='lat' dir='ltr'><strong>cuidam</strong></span> <span class='ocrx_word' id='word_1_64' title='bbox 1011 1273 1220 1367; x_wconf 90' lang='lat' dir='ltr'><strong>adscriptus</strong></span> <span class='ocrx_word' id='word_1_65' title='bbox 1255 1270 1373 1344; x_wconf 66' lang='grc' dir='ltr'><strong>ιιιιιιιι1</strong></span> <span class='ocrx_word' id='word_1_66' title='bbox 1405 1275 1601 1359; x_wconf 87' lang='lat' dir='ltr'><strong>videatur,</strong></span> <span class='ocrx_word' id='word_1_67' title='bbox 1636 1295 1802 1367; x_wconf 90' lang='lat' dir='ltr'><strong>quorum</strong></span> <span class='ocrx_word' id='word_1_68' title='bbox 1830 1271 1960 1344; x_wconf 88' lang='lat' dir='ltr'><strong>secun·</strong></span> 
     </span>
     <span class='ocr_line' id='line_1_7' title="bbox 206 1386 1960 1488; baseline -0.002 -24"><span class='ocrx_word' id='word_1_69' title='bbox 206 1393 298 1465; x_wconf 91' lang='lat' dir='ltr'><strong>dum</strong></span> <span class='ocrx_word' id='word_1_70' title='bbox 324 1386 502 1460; x_wconf 83' lang='lat' dir='ltr'><strong>Marculsr</strong></span> <span class='ocrx_word' id='word_1_71' title='bbox 529 1388 720 1484; x_wconf 89' lang='lat' dir='ltr'><strong>quandam</strong></span> <span class='ocrx_word' id='word_1_72' title='bbox 747 1389 956 1462; x_wconf 86' lang='lat' dir='ltr'><strong>formulam</strong></span> <span class='ocrx_word' id='word_1_73' title='bbox 982 1408 1020 1476; x_wconf 83' lang='lat' dir='ltr'><strong>et</strong></span> <span class='ocrx_word' id='word_1_74' title='bbox 1046 1415 1095 1462; x_wconf 87' lang='lat' dir='ltr'><strong>ex</strong></span> <span class='ocrx_word' id='word_1_75' title='bbox 1119 1389 1234 1485; x_wconf 87' lang='lat' dir='ltr'><strong>ipsrus</strong></span> <span class='ocrx_word' id='word_1_76' title='bbox 1262 1390 1359 1488; x_wconf 87' lang='lat' dir='ltr'><strong>legis</strong></span> <span class='ocrx_word' id='word_1_77' title='bbox 1389 1391 1531 1463; x_wconf 88' lang='lat' dir='ltr'><strong>Salicae</strong></span> <span class='ocrx_word' id='word_1_78' title='bbox 1557 1392 1781 1463; x_wconf 88' lang='lat' dir='ltr'><strong>conditione</strong></span> <span class='ocrx_word' id='word_1_79' title='bbox 1809 1388 1960 1462; x_wconf 75' lang='lat' dir='ltr'><strong>sexcen-</strong></span> 
     </span>
     <span class='ocr_line' id='line_1_8' title="bbox 205 1499 1958 1610; baseline -0.003 -28"><span class='ocrx_word' id='word_1_80' title='bbox 205 1508 446 1604; x_wconf 79' lang='lat' dir='ltr'><strong>tis‘quisque</strong></span> <span class='ocrx_word' id='word_1_81' title='bbox 474 1505 606 1580; x_wconf 87' lang='lat' dir='ltr'><strong>solidis</strong></span> <span class='ocrx_word' id='word_1_82' title='bbox 634 1507 953 1610; x_wconf 78' lang='lat' dir='ltr'><strong>componebatur,</strong></span> <span class='ocrx_word' id='word_1_83' title='bbox 967 1499 1000 1596; x_wconf 76' lang='lat'><strong>²)</strong></span> <span class='ocrx_word' id='word_1_84' title='bbox 1038 1505 1142 1603; x_wconf 89' lang='lat' dir='ltr'><strong>quod</strong></span> <span class='ocrx_word' id='word_1_85' title='bbox 1177 1527 1307 1578; x_wconf 88' lang='lat' dir='ltr'><strong>tamen</strong></span> <span class='ocrx_word' id='word_1_86' title='bbox 1343 1509 1521 1604; x_wconf 74' lang='lat' dir='ltr'><strong>equidem</strong></span> <span class='ocrx_word' id='word_1_87' title='bbox 1557 1532 1641 1581; x_wconf 89' lang='lat' dir='ltr'><strong>non</strong></span> <span class='ocrx_word' id='word_1_88' title='bbox 1680 1507 1958 1580; x_wconf 87' lang='lat' dir='ltr'><strong>contenderim.</strong></span> 
     </span>
     <span class='ocr_line' id='line_1_9' title="bbox 205 1625 1962 1722; baseline -0.001 -23"><span class='ocrx_word' id='word_1_89' title='bbox 205 1628 315 1700; x_wconf 83' lang='lat' dir='ltr'><strong>Licet</strong></span> <span class='ocrx_word' id='word_1_90' title='bbox 338 1649 430 1696; x_wconf 81' lang='lat' dir='ltr'><strong>vero</strong></span> <span class='ocrx_word' id='word_1_91' title='bbox 458 1627 595 1722; x_wconf 88' lang='lat' dir='ltr'><strong>aliquis</strong></span> <span class='ocrx_word' id='word_1_92' title='bbox 623 1626 725 1697; x_wconf 84' lang='lat' dir='ltr'><strong>haud</strong></span> <span class='ocrx_word' id='word_1_93' title='bbox 759 1625 892 1718; x_wconf 89' lang='lat' dir='ltr'><strong>inepte</strong></span> <span class='ocrx_word' id='word_1_94' title='bbox 917 1627 992 1695; x_wconf 91' lang='lat' dir='ltr'><strong>hoc</strong></span> <span class='ocrx_word' id='word_1_95' title='bbox 1017 1627 1131 1720; x_wconf 84' lang='lat' dir='ltr'>Legis</span> <span class='ocrx_word' id='word_1_96' title='bbox 1161 1627 1300 1696; x_wconf 87' lang='lat' dir='ltr'><strong>Salicae</strong></span> <span class='ocrx_word' id='word_1_97' title='bbox 1337 1627 1382 1696; x_wconf 92' lang='lat' dir='ltr'><strong>de</strong></span> <span class='ocrx_word' id='word_1_98' title='bbox 1409 1627 1559 1695; x_wconf 82' lang='lat' dir='ltr'>Maiore</span> <span class='ocrx_word' id='word_1_99' title='bbox 1597 1628 1733 1698; x_wconf 88' lang='lat' dir='ltr'><strong>domus</strong></span> <span class='ocrx_word' id='word_1_100' title='bbox 1767 1626 1962 1698; x_wconf 79' lang='lat' dir='ltr'><strong>filontium</strong></span> 
     </span>
    </p>
   </div>
   <div class='ocr_carea' id='block_1_4' title="bbox 204 1737 2134 1841">
    <p class='ocr_par' dir='ltr' id='par_1_4' title="bbox 204 1737 2134 1841">
     <span class='ocr_line' id='line_1_10' title="bbox 204 1737 2134 1841; baseline -0.006 -23"><span class='ocrx_word' id='word_1_101' title='bbox 204 1773 252 1818; x_wconf 83' lang='lat' dir='ltr'><strong>ex</strong></span> <span class='ocrx_word' id='word_1_102' title='bbox 277 1740 392 1841; x_wconf 83' lang='lat' dir='ltr'><strong>ipsius</strong></span> <span class='ocrx_word' id='word_1_103' title='bbox 420 1744 535 1814; x_wconf 89' lang='lat' dir='ltr'><strong>huius</strong></span> <span class='ocrx_word' id='word_1_104' title='bbox 562 1741 678 1837; x_wconf 82' lang='lat' dir='ltr'><strong>Legis</strong></span> <span class='ocrx_word' id='word_1_105' title='bbox 704 1757 840 1811; x_wconf 87' lang='lat' dir='ltr'><strong>natura</strong></span> <span class='ocrx_word' id='word_1_106' title='bbox 867 1757 979 1835; x_wconf 90' lang='lat' dir='ltr'><strong>atque</strong></span> <span class='ocrx_word' id='word_1_107' title='bbox 1005 1742 1167 1837; x_wconf 85' lang='lat' dir='ltr'><strong>ingenio</strong></span> <span class='ocrx_word' id='word_1_108' title='bbox 1195 1743 1383 1834; x_wconf 88' lang='lat' dir='ltr'><strong>explicare</strong></span> <span class='ocrx_word' id='word_1_109' title='bbox 1407 1737 1536 1836; x_wconf 82' lang='lat' dir='ltr'><strong>pellit,</strong></span> <span class='ocrx_word' id='word_1_110' title='bbox 1551 1741 1703 1836; x_wconf 87' lang='lat' dir='ltr'><strong>quippe</strong></span> <span class='ocrx_word' id='word_1_111' title='bbox 1738 1767 1858 1837; x_wconf 90' lang='lat' dir='ltr'><strong>quum</strong></span> <span class='ocrx_word' id='word_1_112' title='bbox 1883 1766 1960 1812; x_wconf 91' lang='lat' dir='ltr'><strong>ma·</strong></span> <span class='ocrx_word' id='word_1_113' title='bbox 2052 1765 2056 1775; x_wconf 85' lang='lat'><em>·</em></span> <span class='ocrx_word' id='word_1_114' title='bbox 2128 1780 2134 1806; x_wconf 67' lang='grc' dir='ltr'><strong>ι</strong></span> 
     </span>
    </p>
   </div>
   <div class='ocr_carea' id='block_1_5' title="bbox 177 1798 1960 2429">
    <p class='ocr_par' dir='ltr' id='par_1_5' title="bbox 177 1798 1960 2429">
     <span class='ocr_line' id='line_1_11' title="bbox 203 1798 1958 1960; baseline -0.001 -28"><span class='ocrx_word' id='word_1_115' title='bbox 203 1863 264 1960; x_wconf 85' lang='lat' dir='ltr'><strong>gis</strong></span> <span class='ocrx_word' id='word_1_116' title='bbox 292 1863 352 1931; x_wconf 89' lang='lat' dir='ltr'><strong>ius</strong></span> <span class='ocrx_word' id='word_1_117' title='bbox 378 1861 572 1954; x_wconf 88' lang='lat' dir='ltr'><strong>privatum</strong></span> <span class='ocrx_word' id='word_1_118' title='bbox 585 1863 828 1944; x_wconf 73' lang='lat' dir='ltr'><strong>franeomm,</strong></span> <span class='ocrx_word' id='word_1_119' title='bbox 852 1882 968 1952; x_wconf 89' lang='lat' dir='ltr'><strong>quam</strong></span> <span class='ocrx_word' id='word_1_120' title='bbox 991 1798 1193 1950; x_wconf 85' lang='lat' dir='ltr'><strong>publicum</strong></span> <span class='ocrx_word' id='word_1_121' title='bbox 1221 1858 1438 1928; x_wconf 87' lang='lat' dir='ltr'><strong>contineat:</strong></span> <span class='ocrx_word' id='word_1_122' title='bbox 1466 1874 1593 1928; x_wconf 90' lang='lat' dir='ltr'><strong>tamen</strong></span> <span class='ocrx_word' id='word_1_123' title='bbox 1621 1857 1849 1929; x_wconf 82' lang='lat' dir='ltr'><strong>contendere</strong></span> <span class='ocrx_word' id='word_1_124' title='bbox 1875 1883 1958 1931; x_wconf 92' lang='lat' dir='ltr'><strong>non</strong></span> 
     </span>
     <span class='ocr_line' id='line_1_12' title="bbox 204 1966 1960 2062; baseline -0.002 -13"><span class='ocrx_word' id='word_1_125' title='bbox 204 1977 424 2062; x_wconf 82' lang='lat' dir='ltr'><strong>dubitarim,</strong></span> <span class='ocrx_word' id='word_1_126' title='bbox 452 1975 644 2046; x_wconf 88' lang='lat' dir='ltr'><strong>Maiorem</strong></span> <span class='ocrx_word' id='word_1_127' title='bbox 670 1973 808 2047; x_wconf 82' lang='lat' dir='ltr'><strong>dantus</strong></span> <span class='ocrx_word' id='word_1_128' title='bbox 835 1991 939 2055; x_wconf 90' lang='lat' dir='ltr'><strong>tum,</strong></span> <span class='ocrx_word' id='word_1_129' title='bbox 978 2000 1065 2046; x_wconf 91' lang='lat' dir='ltr'><strong>cum</strong></span> <span class='ocrx_word' id='word_1_130' title='bbox 1092 1977 1155 2045; x_wconf 88' lang='lat' dir='ltr'><strong>lex</strong></span> <span class='ocrx_word' id='word_1_131' title='bbox 1191 1975 1312 2047; x_wconf 89' lang='lat' dir='ltr'><strong>Salica</strong></span> <span class='ocrx_word' id='word_1_132' title='bbox 1349 1974 1604 2060; x_wconf 85' lang='lat' dir='ltr'><strong>condebatur,</strong></span> <span class='ocrx_word' id='word_1_133' title='bbox 1640 1977 1816 2049; x_wconf 81' lang='lat' dir='ltr'><strong>nondum</strong></span> <span class='ocrx_word' id='word_1_134' title='bbox 1853 1966 1960 2049; x_wconf 75' lang='lat' dir='ltr'><strong>fuisse</strong></span> 
     </span>
     <span class='ocr_line' id='line_1_13' title="bbox 177 2089 1958 2192; baseline -0.004 -22"><span class='ocrx_word' id='word_1_135' title='bbox 177 2092 502 2178; x_wconf 74' lang='lat' dir='ltr'><strong>constitutum,</strong></span> <span class='ocrx_word' id='word_1_136' title='bbox 490 2116 613 2162; x_wconf 86' lang='lat' dir='ltr'><strong>rmmo</strong></span> <span class='ocrx_word' id='word_1_137' title='bbox 642 2089 793 2169; x_wconf 81' lang='lat' dir='ltr'><strong>sortasse</strong></span> <span class='ocrx_word' id='word_1_138' title='bbox 829 2117 880 2164; x_wconf 88' lang='lat' dir='ltr'><strong>ne</strong></span> <span class='ocrx_word' id='word_1_139' title='bbox 907 2111 991 2163; x_wconf 90' lang='lat' dir='ltr'><strong>tum</strong></span> <span class='ocrx_word' id='word_1_140' title='bbox 1021 2092 1198 2187; x_wconf 88' lang='lat' dir='ltr'><strong>quidem,</strong></span> <span class='ocrx_word' id='word_1_141' title='bbox 1233 2117 1321 2164; x_wconf 86' lang='lat' dir='ltr'><strong>eum</strong></span> <span class='ocrx_word' id='word_1_142' title='bbox 1353 2092 1576 2165; x_wconf 80' lang='lat' dir='ltr'><strong>chlodoveo</strong></span> <span class='ocrx_word' id='word_1_143' title='bbox 1602 2099 1622 2165; x_wconf 93' lang='lat'>1</span> <span class='ocrx_word' id='word_1_144' title='bbox 1648 2110 1852 2192; x_wconf 85' lang='lat' dir='ltr'><strong>regnante,</strong></span> <span class='ocrx_word' id='word_1_145' title='bbox 1887 2094 1958 2163; x_wconf 85' lang='lat' dir='ltr'><strong>Le·</strong></span> 
     </span>
     <span class='ocr_line' id='line_1_14' title="bbox 201 2199 1956 2323; baseline -0.003 -37"><span class='ocrx_word' id='word_1_146' title='bbox 201 2240 270 2313; x_wconf 86' lang='lat' dir='ltr'><strong>ges</strong></span> <span class='ocrx_word' id='word_1_147' title='bbox 295 2199 530 2323; x_wconf 79' lang='lat' dir='ltr'><strong>Francorum</strong></span> <span class='ocrx_word' id='word_1_148' title='bbox 558 2208 778 2282; x_wconf 88' lang='lat' dir='ltr'><strong>emendatae</strong></span> <span class='ocrx_word' id='word_1_149' title='bbox 804 2228 842 2282; x_wconf 91' lang='lat' dir='ltr'><strong>et</strong></span> <span class='ocrx_word' id='word_1_150' title='bbox 876 2226 1007 2302; x_wconf 75' lang='lat' dir='ltr'><strong>auctae</strong></span> <span class='ocrx_word' id='word_1_151' title='bbox 1042 2207 1152 2282; x_wconf 83' lang='lat' dir='ltr'><strong>fuisse</strong></span> <span class='ocrx_word' id='word_1_152' title='bbox 1187 2209 1378 2282; x_wconf 85' lang='lat' dir='ltr'><strong>feruntur.</strong></span> <span class='ocrx_word' id='word_1_153' title='bbox 1395 2203 1428 2300; x_wconf 97' lang='grc'>3)</span> <span class='ocrx_word' id='word_1_154' title='bbox 1479 2217 1564 2282; x_wconf 88' lang='lat' dir='ltr'><strong>Cur</strong></span> <span class='ocrx_word' id='word_1_155' title='bbox 1594 2212 1697 2284; x_wconf 88' lang='lat' dir='ltr'><strong>onim</strong></span> <span class='ocrx_word' id='word_1_156' title='bbox 1736 2211 1780 2281; x_wconf 92' lang='lat' dir='ltr'><strong>in</strong></span> <span class='ocrx_word' id='word_1_157' title='bbox 1814 2211 1956 2304; x_wconf 78' lang='lat' dir='ltr'><strong>llipua·</strong></span> 
     </span>
     <span class='ocr_line' id='line_1_15' title="bbox 199 2315 1955 2429; baseline -0.004 -22"><span class='ocrx_word' id='word_1_158' title='bbox 199 2334 367 2426; x_wconf 84' lang='lat' dir='ltr'><strong>riorum,</strong></span> <span class='ocrx_word' id='word_1_159' title='bbox 403 2315 470 2400; x_wconf 77' lang='lat' dir='ltr'><strong>cur</strong></span> <span class='ocrx_word' id='word_1_160' title='bbox 497 2326 646 2402; x_wconf 84' lang='lat' dir='ltr'><strong>fortasse</strong></span> <span class='ocrx_word' id='word_1_161' title='bbox 674 2353 825 2422; x_wconf 87' lang='lat' dir='ltr'><strong>quoque</strong></span> <span class='ocrx_word' id='word_1_162' title='bbox 852 2331 895 2399; x_wconf 91' lang='lat' dir='ltr'><strong>in</strong></span> <span class='ocrx_word' id='word_1_163' title='bbox 921 2327 1250 2425; x_wconf 83' lang='lat' dir='ltr'><strong>Burgundionum</strong></span> <span class='ocrx_word' id='word_1_164' title='bbox 1285 2328 1435 2427; x_wconf 84' lang='lat' dir='ltr'><strong>legibus</strong></span> <span class='ocrx_word' id='word_1_165' title='bbox 1469 2329 1643 2402; x_wconf 85' lang='lat' dir='ltr'><strong>Maiores</strong></span> <span class='ocrx_word' id='word_1_166' title='bbox 1678 2328 1815 2401; x_wconf 86' lang='lat' dir='ltr'><strong>domus</strong></span> <span class='ocrx_word' id='word_1_167' title='bbox 1853 2352 1955 2429; x_wconf 79' lang='lat' dir='ltr'><strong>com·</strong></span> 
     </span>
    </p>
   </div>
   <div class='ocr_carea' id='block_1_6' title="bbox 88 2418 1955 2539">
    <p class='ocr_par' dir='ltr' id='par_1_6' title="bbox 88 2418 1955 2539">
     <span class='ocr_line' id='line_1_16' title="bbox 88 2418 1955 2539; baseline -0.004 -12"><span class='ocrx_word' id='word_1_168' title='bbox 88 2468 93 2478; x_wconf 88' lang='lat'>&#39;</span> <span class='ocrx_word' id='word_1_169' title='bbox 199 2446 491 2527; x_wconf 70' lang='lat' dir='ltr'><strong>attenuarentur?</strong></span> <span class='ocrx_word' id='word_1_170' title='bbox 543 2453 745 2537; x_wconf 86' lang='lat' dir='ltr'><strong>Propterea</strong></span> <span class='ocrx_word' id='word_1_171' title='bbox 771 2441 849 2513; x_wconf 91' lang='lat' dir='ltr'><strong>sine</strong></span> <span class='ocrx_word' id='word_1_172' title='bbox 875 2445 1004 2527; x_wconf 89' lang='lat' dir='ltr'><strong>dubio,</strong></span> <span class='ocrx_word' id='word_1_173' title='bbox 1035 2443 1124 2536; x_wconf 90' lang='lat' dir='ltr'><strong>quia</strong></span> <span class='ocrx_word' id='word_1_174' title='bbox 1152 2445 1270 2513; x_wconf 90' lang='lat' dir='ltr'><strong>serius</strong></span> <span class='ocrx_word' id='word_1_175' title='bbox 1299 2418 1476 2515; x_wconf 80' lang='lat' dir='ltr'><strong>conditae</strong></span> <span class='ocrx_word' id='word_1_176' title='bbox 1502 2448 1564 2515; x_wconf 86' lang='lat' dir='ltr'><strong>vel</strong></span> <span class='ocrx_word' id='word_1_177' title='bbox 1591 2449 1730 2539; x_wconf 83' lang='lat' dir='ltr'><strong>potius</strong></span> <span class='ocrx_word' id='word_1_178' title='bbox 1749 2446 1955 2519; x_wconf 84' lang='lat' dir='ltr'><strong>collocatae</strong></span> 
     </span>
    </p>
   </div>
   <div class='ocr_carea' id='block_1_7' title="bbox 102 2551 1954 4070">
    <p class='ocr_par' dir='ltr' id='par_1_7' title="bbox 102 2551 1954 4070">
     <span class='ocr_line' id='line_1_17' title="bbox 135 2551 1953 2690; baseline -0.004 -49"><span class='ocrx_word' id='word_1_179' title='bbox 135 2626 142 2646; x_wconf 77' lang='grc'><em>,</em></span> <span class='ocrx_word' id='word_1_180' title='bbox 200 2565 310 2641; x_wconf 74' lang='lat' dir='ltr'><strong>fuisse</strong></span> <span class='ocrx_word' id='word_1_181' title='bbox 336 2562 528 2637; x_wconf 88' lang='lat' dir='ltr'><strong>videntur.</strong></span> <span class='ocrx_word' id='word_1_182' title='bbox 540 2551 577 2650; x_wconf 80' lang='grc'>3)</span> <span class='ocrx_word' id='word_1_183' title='bbox 630 2567 763 2655; x_wconf 87' lang='lat' dir='ltr'><strong>Neque</strong></span> <span class='ocrx_word' id='word_1_184' title='bbox 789 2585 881 2631; x_wconf 84' lang='lat' dir='ltr'><strong>vero</strong></span> <span class='ocrx_word' id='word_1_185' title='bbox 908 2559 954 2630; x_wconf 93' lang='lat' dir='ltr'><strong>ab</strong></span> <span class='ocrx_word' id='word_1_186' title='bbox 983 2554 1068 2630; x_wconf 90' lang='lat' dir='ltr'><strong>aliis</strong></span> <span class='ocrx_word' id='word_1_187' title='bbox 1107 2559 1393 2690; x_wconf 83' lang='lat' dir='ltr'><strong>scriptoribus,</strong></span> <span class='ocrx_word' id='word_1_188' title='bbox 1417 2560 1494 2632; x_wconf 87' lang='lat' dir='ltr'><strong>illis</strong></span> <span class='ocrx_word' id='word_1_189' title='bbox 1530 2556 1706 2657; x_wconf 84' lang='lat' dir='ltr'><strong>quidem,</strong></span> <span class='ocrx_word' id='word_1_190' title='bbox 1746 2586 1842 2656; x_wconf 88' lang='lat' dir='ltr'><strong>quos</strong></span> <span class='ocrx_word' id='word_1_191' title='bbox 1880 2562 1953 2633; x_wconf 79' lang='lat' dir='ltr'><strong>fide</strong></span> 
     </span>
     <span class='ocr_line' id='line_1_18' title="bbox 102 2654 1953 2780; baseline -0.004 -24"><span class='ocrx_word' id='word_1_192' title='bbox 102 2711 104 2716; x_wconf 68' lang='grc'>’</span> <span class='ocrx_word' id='word_1_193' title='bbox 200 2654 287 2763; x_wconf 83' lang='lat' dir='ltr'><strong>satis</strong></span> <span class='ocrx_word' id='word_1_194' title='bbox 315 2680 453 2780; x_wconf 90' lang='lat' dir='ltr'><strong>dignos</strong></span> <span class='ocrx_word' id='word_1_195' title='bbox 480 2679 700 2763; x_wconf 82' lang='lat' dir='ltr'><strong>habuerim,</strong></span> <span class='ocrx_word' id='word_1_196' title='bbox 736 2678 865 2746; x_wconf 90' lang='lat' dir='ltr'><strong>Maior</strong></span> <span class='ocrx_word' id='word_1_197' title='bbox 892 2677 1028 2748; x_wconf 89' lang='lat' dir='ltr'><strong>domus</strong></span> <span class='ocrx_word' id='word_1_198' title='bbox 1058 2676 1166 2770; x_wconf 89' lang='lat' dir='ltr'><strong>prius</strong></span> <span class='ocrx_word' id='word_1_199' title='bbox 1201 2674 1449 2761; x_wconf 84' lang='grc' dir='ltr'>ιιὸιιιιιιιιιιι,</span> <span class='ocrx_word' id='word_1_200' title='bbox 1485 2701 1599 2774; x_wconf 89' lang='lat' dir='ltr'><strong>quam</strong></span> <span class='ocrx_word' id='word_1_201' title='bbox 1635 2677 1703 2765; x_wconf 84' lang='lat' dir='ltr'><strong>sub</strong></span> <span class='ocrx_word' id='word_1_202' title='bbox 1740 2674 1953 2752; x_wconf 86' lang='lat' dir='ltr'><strong>Chlodovei</strong></span> 
     </span>
     <span class='ocr_line' id='line_1_19' title="bbox 199 2792 1953 2920; baseline -0.002 -45"><span class='ocrx_word' id='word_1_203' title='bbox 199 2800 415 2920; x_wconf 82' lang='lat' dir='ltr'><strong>nepotibus,</strong></span> <span class='ocrx_word' id='word_1_204' title='bbox 445 2803 695 2881; x_wconf 86' lang='lat' dir='ltr'><strong>Guntranmo,</strong></span> <span class='ocrx_word' id='word_1_205' title='bbox 718 2795 935 2890; x_wconf 82' lang='lat' dir='ltr'><strong>chilperico</strong></span> <span class='ocrx_word' id='word_1_206' title='bbox 974 2812 1012 2865; x_wconf 92' lang='lat' dir='ltr'><strong>et</strong></span> <span class='ocrx_word' id='word_1_207' title='bbox 1051 2793 1303 2868; x_wconf 85' lang='lat' dir='ltr'><strong>Childeberto</strong></span> <span class='ocrx_word' id='word_1_208' title='bbox 1367 2795 1485 2898; x_wconf 84' lang='lat' dir='ltr'><strong>Cuius</strong></span> <span class='ocrx_word' id='word_1_209' title='bbox 1522 2797 1678 2892; x_wconf 86' lang='lat' dir='ltr'><strong>quidem</strong></span> <span class='ocrx_word' id='word_1_210' title='bbox 1704 2792 1843 2890; x_wconf 85' lang='lat' dir='ltr'><strong>silentii</strong></span> <span class='ocrx_word' id='word_1_211' title='bbox 1878 2815 1953 2895; x_wconf 72' lang='lat' dir='ltr'><strong>tres</strong></span> 
     </span>
     <span class='ocr_line' id='line_1_20' title="bbox 197 2897 1947 3055; baseline -0.001 -62"><span class='ocrx_word' id='word_1_212' title='bbox 197 2897 442 3055; x_wconf 79' lang='lat' dir='ltr'><strong>petillimum</strong></span> <span class='ocrx_word' id='word_1_213' title='bbox 467 2916 626 3012; x_wconf 89' lang='lat' dir='ltr'><strong>cogitari</strong></span> <span class='ocrx_word' id='word_1_214' title='bbox 662 2909 819 3009; x_wconf 82' lang='lat' dir='ltr'><strong>possunt</strong></span> <span class='ocrx_word' id='word_1_215' title='bbox 861 2910 1018 2996; x_wconf 79' lang='lat' dir='ltr'><strong>causae,</strong></span> <span class='ocrx_word' id='word_1_216' title='bbox 1056 2915 1227 3014; x_wconf 85' lang='lat' dir='ltr'><strong>primum</strong></span> <span class='ocrx_word' id='word_1_217' title='bbox 1264 2915 1455 2985; x_wconf 87' lang='lat' dir='ltr'><strong>Maiorem</strong></span> <span class='ocrx_word' id='word_1_218' title='bbox 1496 2915 1634 2986; x_wconf 86' lang='lat' dir='ltr'><strong>domus</strong></span> <span class='ocrx_word' id='word_1_219' title='bbox 1668 2940 1709 2986; x_wconf 90' lang='lat' dir='ltr'><strong>re</strong></span> <span class='ocrx_word' id='word_1_220' title='bbox 1742 2939 1828 2987; x_wconf 73' lang='lat' dir='ltr'><strong>tera</strong></span> <span class='ocrx_word' id='word_1_221' title='bbox 1863 2940 1947 2991; x_wconf 87' lang='lat' dir='ltr'><strong>non</strong></span> 
     </span>
     <span class='ocr_line' id='line_1_21' title="bbox 195 3031 1954 3135; baseline -0.005 -24"><span class='ocrx_word' id='word_1_222' title='bbox 195 3041 304 3135; x_wconf 89' lang='lat' dir='ltr'><strong>prius</strong></span> <span class='ocrx_word' id='word_1_223' title='bbox 332 3031 576 3106; x_wconf 81' lang='lat' dir='ltr'><strong>exstitissem</strong></span> <span class='ocrx_word' id='word_1_224' title='bbox 604 3038 839 3104; x_wconf 77' lang='lat' dir='ltr'><strong>Francortuu</strong></span> <span class='ocrx_word' id='word_1_225' title='bbox 865 3056 904 3100; x_wconf 88' lang='lat' dir='ltr'><strong>re</strong></span> <span class='ocrx_word' id='word_1_226' title='bbox 907 3054 999 3126; x_wconf 85' lang='lat' dir='ltr'><strong>gna,</strong></span> <span class='ocrx_word' id='word_1_227' title='bbox 1029 3055 1145 3125; x_wconf 87' lang='lat' dir='ltr'><strong>quam</strong></span> <span class='ocrx_word' id='word_1_228' title='bbox 1170 3033 1396 3103; x_wconf 86' lang='lat' dir='ltr'><strong>nominatus</strong></span> <span class='ocrx_word' id='word_1_229' title='bbox 1426 3031 1567 3116; x_wconf 79' lang='lat' dir='ltr'><strong>suerit3</strong></span> <span class='ocrx_word' id='word_1_230' title='bbox 1596 3031 1732 3104; x_wconf 86' lang='lat' dir='ltr'><strong>deinde</strong></span> <span class='ocrx_word' id='word_1_231' title='bbox 1758 3033 1862 3107; x_wconf 88' lang='lat' dir='ltr'><strong>hunc</strong></span> <span class='ocrx_word' id='word_1_232' title='bbox 1878 3033 1954 3105; x_wconf 90' lang='lat' dir='ltr'><strong>mi·</strong></span> 
     </span>
     <span class='ocr_line' id='line_1_22' title="bbox 196 3114 1954 3251; baseline -0.005 -20"><span class='ocrx_word' id='word_1_233' title='bbox 196 3142 427 3231; x_wconf 76' lang='lat' dir='ltr'><strong>nisterialeni</strong></span> <span class='ocrx_word' id='word_1_234' title='bbox 453 3153 530 3223; x_wconf 92' lang='lat' dir='ltr'><strong>iam</strong></span> <span class='ocrx_word' id='word_1_235' title='bbox 555 3152 664 3245; x_wconf 89' lang='lat' dir='ltr'><strong>prius</strong></span> <span class='ocrx_word' id='word_1_236' title='bbox 693 3114 850 3244; x_wconf 84' lang='lat' dir='ltr'><strong>quidem</strong></span> <span class='ocrx_word' id='word_1_237' title='bbox 875 3146 985 3251; x_wconf 78' lang='lat' dir='ltr'><strong>suilla</strong></span> <span class='ocrx_word' id='word_1_238' title='bbox 1012 3146 1281 3234; x_wconf 87' lang='lat' dir='ltr'><strong>constitutum,</strong></span> <span class='ocrx_word' id='word_1_239' title='bbox 1319 3150 1380 3220; x_wconf 92' lang='lat' dir='ltr'><strong>sed</strong></span> <span class='ocrx_word' id='word_1_240' title='bbox 1415 3151 1580 3222; x_wconf 87' lang='lat' dir='ltr'><strong>Maioris</strong></span> <span class='ocrx_word' id='word_1_241' title='bbox 1619 3151 1756 3223; x_wconf 89' lang='lat' dir='ltr'><strong>domus</strong></span> <span class='ocrx_word' id='word_1_242' title='bbox 1791 3153 1954 3224; x_wconf 88' lang='lat' dir='ltr'><strong>nomine</strong></span> 
     </span>
     <span class='ocr_line' id='line_1_23' title="bbox 197 3267 1951 3363; baseline -0.003 -17"><span class='ocrx_word' id='word_1_243' title='bbox 197 3275 314 3349; x_wconf 86' lang='lat' dir='ltr'><strong>serius</strong></span> <span class='ocrx_word' id='word_1_244' title='bbox 343 3274 498 3344; x_wconf 87' lang='lat' dir='ltr'><strong>demum</strong></span> <span class='ocrx_word' id='word_1_245' title='bbox 527 3270 759 3363; x_wconf 85' lang='lat' dir='ltr'><strong>appellatum</strong></span> <span class='ocrx_word' id='word_1_246' title='bbox 767 3295 780 3352; x_wconf 70' lang='grc' dir='ltr'><strong>ι</strong></span> <span class='ocrx_word' id='word_1_247' title='bbox 821 3268 984 3362; x_wconf 88' lang='lat' dir='ltr'><strong>denique</strong></span> <span class='ocrx_word' id='word_1_248' title='bbox 1019 3267 1267 3362; x_wconf 84' lang='lat' dir='ltr'><strong>scriptoribus</strong></span> <span class='ocrx_word' id='word_1_249' title='bbox 1303 3268 1409 3362; x_wconf 88' lang='lat' dir='ltr'><strong>prius</strong></span> <span class='ocrx_word' id='word_1_250' title='bbox 1443 3271 1591 3338; x_wconf 89' lang='lat' dir='ltr'><strong>nullam</strong></span> <span class='ocrx_word' id='word_1_251' title='bbox 1624 3269 1788 3339; x_wconf 85' lang='lat' dir='ltr'><strong>Maioris</strong></span> <span class='ocrx_word' id='word_1_252' title='bbox 1814 3268 1951 3341; x_wconf 82' lang='lat' dir='ltr'><strong>domus</strong></span> 
     </span>
     <span class='ocr_line' id='line_1_24' title="bbox 196 3381 1950 3489; baseline -0.003 -24"><span class='ocrx_word' id='word_1_253' title='bbox 196 3393 262 3466; x_wconf 88' lang='lat' dir='ltr'><strong>seu</strong></span> <span class='ocrx_word' id='word_1_254' title='bbox 287 3415 358 3484; x_wconf 90' lang='lat' dir='ltr'><strong>pro</strong></span> <span class='ocrx_word' id='word_1_255' title='bbox 386 3385 500 3483; x_wconf 83' lang='lat' dir='ltr'><strong>ipstus</strong></span> <span class='ocrx_word' id='word_1_256' title='bbox 520 3387 764 3470; x_wconf 83' lang='lat' dir='ltr'><strong>conditione,</strong></span> <span class='ocrx_word' id='word_1_257' title='bbox 792 3385 857 3485; x_wconf 80' lang='lat' dir='ltr'><strong>seu</strong></span> <span class='ocrx_word' id='word_1_258' title='bbox 882 3409 954 3480; x_wconf 93' lang='lat' dir='ltr'><strong>pro</strong></span> <span class='ocrx_word' id='word_1_259' title='bbox 983 3386 1164 3480; x_wconf 85' lang='lat' dir='ltr'><strong>cuiusque</strong></span> <span class='ocrx_word' id='word_1_260' title='bbox 1193 3384 1387 3478; x_wconf 83' lang='lat' dir='ltr'><strong>scriptoris</strong></span> <span class='ocrx_word' id='word_1_261' title='bbox 1415 3383 1587 3489; x_wconf 84' lang='lat' dir='ltr'><strong>confili0,</strong></span> <span class='ocrx_word' id='word_1_262' title='bbox 1613 3387 1847 3458; x_wconf 88' lang='lat' dir='ltr'><strong>nominandi</strong></span> <span class='ocrx_word' id='word_1_263' title='bbox 1883 3381 1950 3460; x_wconf 91' lang='lat' dir='ltr'><strong>ob·</strong></span> 
     </span>
     <span class='ocr_line' id='line_1_25' title="bbox 194 3500 1948 3601; baseline -0.003 -19"><span class='ocrx_word' id='word_1_264' title='bbox 194 3513 313 3584; x_wconf 91' lang='lat' dir='ltr'><strong>latam</strong></span> <span class='ocrx_word' id='word_1_265' title='bbox 340 3500 449 3580; x_wconf 77' lang='lat' dir='ltr'><strong>fuiffe</strong></span> <span class='ocrx_word' id='word_1_266' title='bbox 486 3503 726 3577; x_wconf 81' lang='lat' dir='ltr'><strong>occasionem.</strong></span> <span class='ocrx_word' id='word_1_267' title='bbox 791 3504 907 3599; x_wconf 83' lang='lat' dir='ltr'><strong>Quod</strong></span> <span class='ocrx_word' id='word_1_268' title='bbox 943 3504 1062 3601; x_wconf 86' lang='lat' dir='ltr'><strong>igitur</strong></span> <span class='ocrx_word' id='word_1_269' title='bbox 1098 3503 1146 3573; x_wconf 88' lang='lat' dir='ltr'><strong>ad</strong></span> <span class='ocrx_word' id='word_1_270' title='bbox 1172 3504 1341 3597; x_wconf 89' lang='lat' dir='ltr'><strong>primum</strong></span> <span class='ocrx_word' id='word_1_271' title='bbox 1369 3503 1523 3599; x_wconf 86' lang='lat' dir='ltr'><strong>quidem</strong></span> <span class='ocrx_word' id='word_1_272' title='bbox 1550 3503 1712 3590; x_wconf 86' lang='lat' dir='ltr'><strong>attinet,</strong></span> <span class='ocrx_word' id='word_1_273' title='bbox 1756 3504 1948 3578; x_wconf 87' lang='lat' dir='ltr'><strong>Maiorem</strong></span> 
     </span>
     <span class='ocr_line' id='line_1_26' title="bbox 196 3619 1946 3720; baseline -0.005 -19"><span class='ocrx_word' id='word_1_274' title='bbox 196 3632 334 3701; x_wconf 89' lang='lat' dir='ltr'><strong>domus</strong></span> <span class='ocrx_word' id='word_1_275' title='bbox 371 3630 611 3696; x_wconf 88' lang='lat' dir='ltr'><strong>Guntramno</strong></span> <span class='ocrx_word' id='word_1_276' title='bbox 650 3624 803 3694; x_wconf 80' lang='lat' dir='ltr'><strong>dentum</strong></span> <span class='ocrx_word' id='word_1_277' title='bbox 840 3622 996 3715; x_wconf 79' lang='lat' dir='ltr'><strong>citraque</strong></span> <span class='ocrx_word' id='word_1_278' title='bbox 1031 3619 1212 3693; x_wconf 84' lang='lat' dir='ltr'><strong>fratribus</strong></span> <span class='ocrx_word' id='word_1_279' title='bbox 1257 3619 1511 3720; x_wconf 82' lang='lat' dir='ltr'><strong>regnantibus</strong></span> <span class='ocrx_word' id='word_1_280' title='bbox 1540 3619 1649 3693; x_wconf 80' lang='lat' dir='ltr'><strong>luisse</strong></span> <span class='ocrx_word' id='word_1_281' title='bbox 1686 3619 1946 3708; x_wconf 86' lang='lat' dir='ltr'><strong>constitutum,</strong></span> 
     </span>
     <span class='ocr_line' id='line_1_27' title="bbox 195 3739 1949 3839; baseline -0.004 -22"><span class='ocrx_word' id='word_1_282' title='bbox 195 3747 270 3817; x_wconf 89' lang='lat' dir='ltr'><strong>hoe</strong></span> <span class='ocrx_word' id='word_1_283' title='bbox 297 3769 385 3817; x_wconf 89' lang='lat' dir='ltr'><strong>cum</strong></span> <span class='ocrx_word' id='word_1_284' title='bbox 410 3768 479 3839; x_wconf 90' lang='lat' dir='ltr'><strong>per</strong></span> <span class='ocrx_word' id='word_1_285' title='bbox 506 3742 562 3824; x_wconf 89' lang='lat' dir='ltr'><strong>se,</strong></span> <span class='ocrx_word' id='word_1_286' title='bbox 601 3758 686 3811; x_wconf 90' lang='lat' dir='ltr'><strong>tum</strong></span> <span class='ocrx_word' id='word_1_287' title='bbox 719 3757 918 3835; x_wconf 87' lang='lat' dir='ltr'><strong>propterea</strong></span> <span class='ocrx_word' id='word_1_288' title='bbox 954 3740 1168 3810; x_wconf 88' lang='lat' dir='ltr'><strong>maximea</strong></span> <span class='ocrx_word' id='word_1_289' title='bbox 1203 3742 1360 3813; x_wconf 77' lang='lat' dir='ltr'><strong>veritate</strong></span> <span class='ocrx_word' id='word_1_290' title='bbox 1397 3741 1604 3839; x_wconf 29' lang='lat' dir='ltr'><strong>abhorrere·</strong></span> <span class='ocrx_word' id='word_1_291' title='bbox 1632 3740 1807 3828; x_wconf 87' lang='lat' dir='ltr'><strong>videtur,</strong></span> <span class='ocrx_word' id='word_1_292' title='bbox 1845 3739 1949 3837; x_wconf 86' lang='lat' dir='ltr'><strong>quod</strong></span> 
     </span>
     <span class='ocr_line' id='line_1_28' title="bbox 196 3856 1945 3959; baseline -0.002 -24"><span class='ocrx_word' id='word_1_293' title='bbox 196 3860 396 3957; x_wconf 81' lang='lat' dir='ltr'><strong>scriptores</strong></span> <span class='ocrx_word' id='word_1_294' title='bbox 424 3860 504 3933; x_wconf 87' lang='lat' dir='ltr'><strong>sere</strong></span> <span class='ocrx_word' id='word_1_295' title='bbox 531 3859 677 3953; x_wconf 90' lang='lat' dir='ltr'><strong>semper</strong></span> <span class='ocrx_word' id='word_1_296' title='bbox 703 3858 755 3928; x_wconf 88' lang='lat' dir='ltr'><strong>ita</strong></span> <span class='ocrx_word' id='word_1_297' title='bbox 783 3856 829 3928; x_wconf 91' lang='lat' dir='ltr'><strong>de</strong></span> <span class='ocrx_word' id='word_1_298' title='bbox 855 3856 1072 3928; x_wconf 89' lang='lat' dir='ltr'><strong>Maioribus</strong></span> <span class='ocrx_word' id='word_1_299' title='bbox 1099 3857 1237 3930; x_wconf 85' lang='lat' dir='ltr'><strong>domus</strong></span> <span class='ocrx_word' id='word_1_300' title='bbox 1264 3860 1500 3955; x_wconf 85' lang='lat' dir='ltr'><strong>loquuntur,</strong></span> <span class='ocrx_word' id='word_1_301' title='bbox 1534 3876 1578 3931; x_wconf 89' lang='lat' dir='ltr'><strong>ut</strong></span> <span class='ocrx_word' id='word_1_302' title='bbox 1604 3877 1804 3959; x_wconf 86' lang='lat' dir='ltr'><strong>appareat,</strong></span> <span class='ocrx_word' id='word_1_303' title='bbox 1840 3859 1945 3932; x_wconf 87' lang='lat' dir='ltr'><strong>hunc</strong></span> 
     </span>
     <span class='ocr_line' id='line_1_29' title="bbox 195 3968 1942 4070; baseline -0.002 -19"><span class='ocrx_word' id='word_1_304' title='bbox 195 3976 480 4051; x_wconf 84' lang='lat' dir='ltr'><strong>ministerialem</strong></span> <span class='ocrx_word' id='word_1_305' title='bbox 506 3979 583 4050; x_wconf 89' lang='lat' dir='ltr'><strong>iam</strong></span> <span class='ocrx_word' id='word_1_306' title='bbox 610 3976 758 4049; x_wconf 89' lang='lat' dir='ltr'><strong>dudum</strong></span> <span class='ocrx_word' id='word_1_307' title='bbox 784 3991 821 4045; x_wconf 86' lang='lat' dir='ltr'><strong>et</strong></span> <span class='ocrx_word' id='word_1_308' title='bbox 847 3973 1060 4070; x_wconf 87' lang='lat' dir='ltr'><strong>antiquitus</strong></span> <span class='ocrx_word' id='word_1_309' title='bbox 1088 3974 1130 4046; x_wconf 90' lang='lat' dir='ltr'><strong>in</strong></span> <span class='ocrx_word' id='word_1_310' title='bbox 1158 3982 1393 4049; x_wconf 85' lang='lat' dir='ltr'><strong>Francorum</strong></span> <span class='ocrx_word' id='word_1_311' title='bbox 1419 3979 1572 4050; x_wconf 84' lang='lat' dir='ltr'><strong>civitate</strong></span> <span class='ocrx_word' id='word_1_312' title='bbox 1598 3980 1730 4049; x_wconf 89' lang='lat' dir='ltr'><strong>locum</strong></span> <span class='ocrx_word' id='word_1_313' title='bbox 1764 3968 1942 4048; x_wconf 84' lang='lat' dir='ltr'><strong>habuisse.</strong></span> 
     </span>
    </p>
   </div>
   <div class='ocr_carea' id='block_1_8' title="bbox 75 4089 1982 4191">
    <p class='ocr_par' dir='ltr' id='par_1_8' title="bbox 75 4089 1982 4191">
     <span class='ocr_line' id='line_1_30' title="bbox 75 4089 1982 4191; baseline -0.002 -22"><span class='ocrx_word' id='word_1_314' title='bbox 75 4164 78 4169; x_wconf 79' lang='grc'><strong>,</strong></span> <span class='ocrx_word' id='word_1_315' title='bbox 193 4103 296 4172; x_wconf 87' lang='lat' dir='ltr'><strong>Nam</strong></span> <span class='ocrx_word' id='word_1_316' title='bbox 321 4093 348 4168; x_wconf 82' lang='lat' dir='ltr'><strong>fi</strong></span> <span class='ocrx_word' id='word_1_317' title='bbox 372 4096 534 4169; x_wconf 88' lang='lat' dir='ltr'><strong>Maioris</strong></span> <span class='ocrx_word' id='word_1_318' title='bbox 563 4096 700 4168; x_wconf 89' lang='lat' dir='ltr'><strong>domus</strong></span> <span class='ocrx_word' id='word_1_319' title='bbox 727 4117 870 4166; x_wconf 85' lang='lat' dir='ltr'><strong>munus</strong></span> <span class='ocrx_word' id='word_1_320' title='bbox 898 4116 1027 4164; x_wconf 89' lang='lat' dir='ltr'><strong>recens</strong></span> <span class='ocrx_word' id='word_1_321' title='bbox 1056 4090 1174 4165; x_wconf 89' lang='lat' dir='ltr'><strong>suerit</strong></span> <span class='ocrx_word' id='word_1_322' title='bbox 1200 4092 1430 4183; x_wconf 86' lang='lat' dir='ltr'><strong>institutum,</strong></span> <span class='ocrx_word' id='word_1_323' title='bbox 1459 4094 1622 4167; x_wconf 91' lang='lat' dir='ltr'><strong>dubium</strong></span> <span class='ocrx_word' id='word_1_324' title='bbox 1647 4119 1731 4164; x_wconf 90' lang='lat' dir='ltr'><strong>non</strong></span> <span class='ocrx_word' id='word_1_325' title='bbox 1760 4089 1821 4178; x_wconf 86' lang='lat' dir='ltr'><strong>est,</strong></span> <span class='ocrx_word' id='word_1_326' title='bbox 1846 4093 1944 4190; x_wconf 87' lang='lat' dir='ltr'><strong>quin</strong></span> <span class='ocrx_word' id='word_1_327' title='bbox 1974 4184 1982 4191; x_wconf 86' lang='lat'><em>.</em></span> 
     </span>
    </p>
   </div>
   <div class='ocr_carea' id='block_1_9' title="bbox 99 4212 1951 4549">
    <p class='ocr_par' dir='ltr' id='par_1_9' title="bbox 99 4212 1951 4549">
     <span class='ocr_line' id='line_1_31' title="bbox 99 4212 1951 4313; baseline -0.002 -26"><span class='ocrx_word' id='word_1_328' title='bbox 99 4277 101 4287; x_wconf 79' lang='grc'>,</span> <span class='ocrx_word' id='word_1_329' title='bbox 195 4212 400 4313; x_wconf 84' lang='lat' dir='ltr'><strong>Gregorius</strong></span> <span class='ocrx_word' id='word_1_330' title='bbox 428 4232 466 4284; x_wconf 89' lang='lat' dir='ltr'><strong>et</strong></span> <span class='ocrx_word' id='word_1_331' title='bbox 491 4214 559 4297; x_wconf 80' lang='lat' dir='ltr'><strong>alii</strong></span> <span class='ocrx_word' id='word_1_332' title='bbox 586 4216 631 4286; x_wconf 89' lang='lat' dir='ltr'><strong>de</strong></span> <span class='ocrx_word' id='word_1_333' title='bbox 657 4230 853 4309; x_wconf 88' lang='lat' dir='ltr'><strong>tempore,</strong></span> <span class='ocrx_word' id='word_1_334' title='bbox 881 4237 980 4309; x_wconf 91' lang='lat' dir='ltr'><strong>quo,</strong></span> <span class='ocrx_word' id='word_1_335' title='bbox 1019 4213 1081 4282; x_wconf 89' lang='lat' dir='ltr'><strong>vel</strong></span> <span class='ocrx_word' id='word_1_336' title='bbox 1109 4213 1153 4283; x_wconf 89' lang='lat' dir='ltr'><strong>de</strong></span> <span class='ocrx_word' id='word_1_337' title='bbox 1181 4214 1308 4313; x_wconf 81' lang='lat' dir='ltr'><strong>causa,</strong></span> <span class='ocrx_word' id='word_1_338' title='bbox 1339 4238 1424 4300; x_wconf 87' lang='lat' dir='ltr'><strong>cur,</strong></span> <span class='ocrx_word' id='word_1_339' title='bbox 1458 4215 1521 4286; x_wconf 79' lang='lat' dir='ltr'><strong>rel</strong></span> <span class='ocrx_word' id='word_1_340' title='bbox 1548 4214 1593 4284; x_wconf 91' lang='lat' dir='ltr'><strong>de</strong></span> <span class='ocrx_word' id='word_1_341' title='bbox 1619 4213 1682 4283; x_wconf 87' lang='lat' dir='ltr'><strong>via</strong></span> <span class='ocrx_word' id='word_1_342' title='bbox 1709 4227 1747 4284; x_wconf 81' lang='lat' dir='ltr'><strong>et</strong></span> <span class='ocrx_word' id='word_1_343' title='bbox 1779 4213 1951 4300; x_wconf 68' lang='lat' dir='ltr'><strong>ratione,</strong></span> 
     </span>
     <span class='ocr_line' id='line_1_32' title="bbox 192 4327 1942 4431; baseline -0.003 -26"><span class='ocrx_word' id='word_1_344' title='bbox 192 4358 266 4431; x_wconf 90' lang='lat' dir='ltr'><strong>qua</strong></span> <span class='ocrx_word' id='word_1_345' title='bbox 293 4329 412 4403; x_wconf 87' lang='lat' dir='ltr'><strong>suerit</strong></span> <span class='ocrx_word' id='word_1_346' title='bbox 437 4328 672 4418; x_wconf 88' lang='lat' dir='ltr'><strong>institutum,</strong></span> <span class='ocrx_word' id='word_1_347' title='bbox 700 4330 941 4402; x_wconf 88' lang='lat' dir='ltr'><strong>mentionem</strong></span> <span class='ocrx_word' id='word_1_348' title='bbox 968 4330 1162 4423; x_wconf 88' lang='lat' dir='ltr'><strong>quandam</strong></span> <span class='ocrx_word' id='word_1_349' title='bbox 1189 4330 1359 4402; x_wconf 85' lang='lat' dir='ltr'><strong>fecerint.</strong></span> <span class='ocrx_word' id='word_1_350' title='bbox 1422 4335 1563 4402; x_wconf 87' lang='lat' dir='ltr'><strong>Contra</strong></span> <span class='ocrx_word' id='word_1_351' title='bbox 1598 4355 1690 4403; x_wconf 83' lang='lat' dir='ltr'><strong>vero</strong></span> <span class='ocrx_word' id='word_1_352' title='bbox 1717 4327 1793 4404; x_wconf 88' lang='lat' dir='ltr'><strong>hoo</strong></span> <span class='ocrx_word' id='word_1_353' title='bbox 1816 4329 1942 4427; x_wconf 87' lang='lat' dir='ltr'><strong>ipsum</strong></span> 
     </span>
     <span class='ocr_line' id='line_1_33' title="bbox 191 4444 1940 4549; baseline -0.001 -25"><span class='ocrx_word' id='word_1_354' title='bbox 191 4450 422 4549; x_wconf 87' lang='lat' dir='ltr'><strong>scriptorum</strong></span> <span class='ocrx_word' id='word_1_355' title='bbox 448 4445 646 4545; x_wconf 80' lang='lat' dir='ltr'><strong>silentium</strong></span> <span class='ocrx_word' id='word_1_356' title='bbox 671 4464 708 4520; x_wconf 85' lang='lat' dir='ltr'><strong>et</strong></span> <span class='ocrx_word' id='word_1_357' title='bbox 735 4448 873 4521; x_wconf 82' lang='lat' dir='ltr'><strong>deirrde</strong></span> <span class='ocrx_word' id='word_1_358' title='bbox 901 4446 999 4520; x_wconf 90' lang='lat' dir='ltr'><strong>illud</strong></span> <span class='ocrx_word' id='word_1_359' title='bbox 1025 4447 1216 4529; x_wconf 86' lang='lat' dir='ltr'><strong>Maiorem</strong></span> <span class='ocrx_word' id='word_1_360' title='bbox 1243 4448 1382 4522; x_wconf 89' lang='lat' dir='ltr'><strong>domus</strong></span> <span class='ocrx_word' id='word_1_361' title='bbox 1406 4471 1516 4538; x_wconf 90' lang='lat' dir='ltr'><strong>non,</strong></span> <span class='ocrx_word' id='word_1_362' title='bbox 1553 4444 1627 4524; x_wconf 82' lang='lat' dir='ltr'><strong>niti</strong></span> <span class='ocrx_word' id='word_1_363' title='bbox 1650 4449 1811 4537; x_wconf 83' lang='lat' dir='ltr'><strong>nomine</strong></span> <span class='ocrx_word' id='word_1_364' title='bbox 1838 4473 1940 4527; x_wconf 88' lang='lat' dir='ltr'><strong>coru·</strong></span> 
     </span>
    </p>
   </div>
   <div class='ocr_carea' id='block_1_10' title="bbox 0 0 2300 5364">
    <p class='ocr_par' dir='ltr' id='par_1_10' title="bbox 0 0 2300 5364">
     <span class='ocr_line' id='line_1_34' title="bbox 0 0 2300 5364; baseline 0 9"><span class='ocrx_word' id='word_1_365' title='bbox 0 0 2300 5364; x_wconf 95' lang='lat' dir='ltr'><strong> </strong></span> 
     </span>
    </p>
   </div>
  </div>
 </body>
</html>
