4590 5364
850 267 1316 386 ;·’16’·ὖ

269 505 373 586 villis
396 500 558 577 eundem
586 496 665 573 sere
688 491 894 572 obtinuisse
918 495 1017 572 mihi
1041 492 1197 570 ridetur
1220 496 1373 586 locum,
1410 516 1524 596 quem
1547 497 1591 572 in
1616 495 1881 574 Romanorum
1905 495 2015 575 ΝΗ,
2142 554 2147 563 Ι

267 629 434 705 villicus.
485 625 587 692 Nam
612 616 885 717 villicationis,
924 633 969 688 ut
996 616 1227 688 Columellae
1251 617 1369 689 verbo
1395 633 1491 702 utar,
1517 615 1597 712 ipsa
1621 616 2017 692 naturahuiusmodi

266 739 486 820 ministrum
501 732 677 836 flagitalle
693 733 858 835 videtur.
886 737 1007 805 Erant
1023 757 1114 832 ergo
1134 733 1290 808 villicus
1309 751 1346 805 et
1356 733 1502 820 Maior,
1528 750 1676 830 praeter
1690 735 1866 811 nominis
1892 736 2016 808 varie·
2066 722 2078 736 ’

240 884 396 954 statem,
433 879 554 952 paene
578 853 719 945 iidem,
745 850 819 937 ita,
854 867 900 922 ut
922 850 1039 923 ’suurn
1061 875 1235 948 quaeque
1261 851 1327 922 aut
1351 851 1541 923 Maiorem
1567 867 1634 924 aut
1657 852 1834 925 villicum
1859 852 2018 924 haberet
2068 893 2071 898 .

162 983 169 997 .
267 982 373 1058 villa
426 981 528 1047 Nam
554 986 662 1045 erant
685 985 846 1065 uterque
873 992 920 1040 ex
946 969 1142 1043 servomm
1174 992 1361 1056 numero,
1390 975 1620 1065 quamquam
1644 993 1728 1042 non
1755 992 1776 1042 e
1800 958 2016 1056 rudiffimis,
2073 1044 2077 1051 ,
2137 1028 2139 1033 ,

267 1098 329 1174 sed
354 1119 402 1168 ex
426 1086 693 1187 politioribus,
720 1103 758 1158 et
785 1086 931 1173 ceteris,
960 1086 1027 1184 qui
1052 1087 1193 1182 partim
1219 1087 1266 1159 ad
1292 1086 1585 1184 agriculturam,
1611 1085 1753 1182 partim
1776 1087 1824 1158 ad
1854 1110 1936 1158 rem
1954 1110 2017 1181 pe·
2108 1178 2111 1183 ι

182 1257 185 1264 ·
269 1215 447 1296 cuariam,
475 1206 678 1304 partim
643 1203 691 1274 ad
727 1202 984 1305 quodcunque
1018 1202 1123 1278 aliud
1160 1227 1287 1279 rerum
1312 1199 1533 1319 ntslicansm
1556 1204 1761 1304 negotium
1786 1203 2018 1300 spectabant,

36 1324 40 1331 ’
145 1372 148 1379 ·
181 1384 197 1439 1
269 1326 454 1409 ministris
480 1321 660 1423 praefecti
677 1307 727 1412 ⁴).

1042 1627 1150 1781 =Ger.
1183 1698 1238 1782 ιι

273 1919 335 1986 De
373 1899 578 2010 Sismondii
614 1897 662 1976 ‘cle
702 1899 836 2011 eodem
869 1888 1116 2004 Ministeriasi
1140 1899 1273 1998 paucis
1299 1894 1434 1974 abhinc
1460 1904 1568 1974 annis
1593 1893 2018 2004 propofitasententia.

576 2167 582 2179 .
1088 2095 1127 2184 s·
1169 2112 1204 2165 ¹·

373 2261 492 2362 Quod
516 2263 575 2333 Μ.
591 2204 689 2334 aab.
717 2256 982 2358 Quintilianus
997 2253 1032 2351 ¹)
1057 2212 1104 2330 de
1128 2228 1381 2332 Demosthene
1407 2276 1448 2332 et
1470 2262 1642 2335 Homero
1669 2257 1787 2346 dixit,
1814 2253 2022 2351 „modestia
2138 2226 2142 2237 ¹

131 2430 136 2436 ·
273 2407 311 2462 et
337 2378 612 2476 circumspecto
652 2378 797 2453 iudicio
825 2379 880 2475 de*¹
897 2377 1017 2450 tantis
1043 2376 1138 2452 ιιιιι
1165 2373 1235 2449 ell'e
1258 2378 1610 2473 pronuntiandum,
1635 2403 1688 2452 ne
1706 2375 1900 2467 damnent,
1928 2372 2043 2476 quae

271 2530 355 2582 non
381 2499 621 2598 intelligant,
623 2499 648 2536 ‘⁴
680 2483 785 2568 idem
819 2513 1055 2595 quantopere
1088 2492 1291 2590 praecipue
1315 2495 1522 2575 iuvenibus
1549 2493 1597 2568 da
1622 2496 1825 2569 doctomm
1849 2497 2026 2570 virorum

271 2618 471 2700 sententiis
501 2610 762 2688 iudicantibus
787 2608 834 2683 sit
859 2609 1149 2689 observandum,
1168 2633 1237 2707 per
1261 2604 1299 2681 se
1324 2607 1414 2682 satis
1433 2606 1587 2684 constat.
1621 2612 1785 2708 Atque
1772 2630 1827 2684 ιιι
1851 2610 1930 2697 sina
1956 2610 2027 2686 du·

272 2744 339 2814 bio
366 2733 466 2809 mihi
493 2753 659 2830 quoque,
685 2727 755 2826 qui
773 2727 828 2802 de
844 2718 1087 2807 sententiis
1073 2749 1199 2824 nuper
1224 2748 1247 2799 a
1272 2720 1492 2813 doctissimis
1516 2726 1611 2802 viris
1637 2726 1684 2802 de
1708 2727 1859 2802 Maiore
1884 2726 2025 2803 domus

272 2827 480 2957 propositis
514 2845 707 2922 iudicium
742 2845 938 2945 quoddam
972 2844 1192 2942 prolaturus
1224 2840 1314 2932 sim,
1358 2845 1461 2921 nibil
1494 2845 1620 2945 magu
1654 2845 1727 2922 erit
1761 2827 2026 2943 spectandum,
2060 2830 2068 2838 ’

274 2999 392 3078 quam
416 2972 483 3042 illa
507 2959 687 3038 modestia
713 2979 752 3036 et
777 2961 1050 3098 circumspecto
1076 2960 1223 3036 iudicio
1250 2961 1324 3050 uti,
1349 2987 1517 3063 qnorum
1541 2966 1700 3048 alteram
1725 2962 1904 3064 quidem,
1940 2987 2028 3038 mo·

230 3166 235 3176 ,
272 3090 452 3176 destiam,
489 3072 657 3159 iuvenili
680 3078 813 3155 animo
838 3081 1006 3155 maxima
1032 3081 1378 3171 accommodatam,
1412 3081 1525 3156 facile
1549 3079 1620 3156 libi
1645 3082 1831 3182 quisque,
1869 3079 2026 3189 quoties

272 3207 462 3293 voluerit,
508 3198 766 3338 comparabit,
808 3199 971 3274 alterum
996 3222 1109 3288 vero,
1148 3197 1463 3298 cirmrmspectum
1495 3199 1706 3307 iudicium,
1754 3201 1959 3277 exercitato
1984 3217 2029 3275 et
2167 3224 2180 3241 ‘

273 3349 425 3409 maturo
450 3321 612 3422 ingenio
638 3319 762 3421 magis
788 3317 1012 3454 proprium,
1045 3340 1131 3421 non
1156 3314 1229 3391 nisi
1253 3318 1469 3393 multorum
1500 3300 1695 3395 ιιιιιοιιιιιι
1719 3311 1843 3393 studio
1870 3324 1909 3392 et
1933 3342 2029 3393 con·

4 3406 24 3421 Γ
66 3416 75 3428 Ι
132 3424 137 3435 l
272 3453 387 3523 tinuo
414 3442 544 3518 labore
570 3434 711 3534 assequi
727 3436 899 3535 quisque
937 3430 1071 3531 potell.
1137 3433 1321 3533 Quamvis
1347 3434 1470 3535 igitur
1495 3433 1669 3532 primam
1687 3436 1731 3511 in
1768 3435 2029 3547 sequentibus,

127 3590 133 3598 ·
247 3585 321 3650 ,ιιι
346 3587 415 3662 par
440 3555 513 3646 esi,
551 3554 730 3635 adhibere
754 3576 838 3628 non
863 3551 983 3627 modo
1009 3546 1211 3648 possmus,
1245 3552 1310 3626 sed
1329 3552 1552 3643 debeamus,
1578 3555 1741 3629 alterum
1766 3569 1896 3627 tamen
1928 3574 2027 3650 quo·

159 3721 162 3724 >
273 3681 502 3781 rusquisqne
527 3669 615 3751 est
602 3695 810 3757 iuvenum,
835 3671 900 3744 vel
925 3694 1098 3769 unquam
1122 3666 1199 3741 suit
1224 3686 1305 3744 tam
1319 3669 1519 3759 insolens,
1547 3671 1615 3771 qui
1640 3673 1707 3747 de
1713 3671 1751 3746 se
1772 3667 1934 3769 gloriari
1960 3691 2027 3741 ιιι

250 3798 390 3881 deatl
405 3802 549 3892 Neque
575 3812 825 3897 quemquam,
861 3812 952 3862 cum
964 3788 1024 3860 de
1048 3802 1248 3860 tantorum
1271 3788 1447 3902 ιιιοιιιιιι
1481 3788 1684 3862 sententiis
1717 3786 1903 3885 quaedam
1935 3810 2037 3885 prof,
2163 3794 2172 3809 ‘

274 3923 375 3998 ferre
399 3911 498 3991 mihi
523 3912 657 3998 liceat,
691 3901 1008 4005 circumspectum
1032 3903 1150 3996 illud,
1164 3901 1248 3981 sed
1271 3907 1404 4006 potius
1430 3905 1601 4048 iurenile
1627 3904 1930 4001 exspectaueram
1955 3901 2028 3981 effe
2174 3941 2179 3953 .

274 4059 372 4137 puto
398 4030 602 4109 iudicium.

382 4153 510 4228 Prima
532 4149 664 4250 igitur,
689 4144 739 4219 de
764 4168 850 4247 qua
866 4143 962 4245 quid
987 4120 1206 4234 sentiamus,
1231 4166 1339 4218 nunc
1357 4112 1630 4242 exponendtim
1646 4136 1708 4230 esi,
1735 4139 1922 4216 sententia
1940 4159 2033 4236 pro·
2044 4190 2049 4199 -
2162 4206 2168 4212 .

278 4267 399 4375 posita
426 4265 477 4343 est
499 4285 524 4342 a
548 4270 634 4344 viro
658 4259 862 4341 clarissimo
890 4262 1074 4338 Simonde
1099 4258 1145 4335 de
1169 4248 1428 4354 Sismondi2).
1457 4260 1534 4359 Qui
1559 4260 1716 4358 quidem
1741 4258 2032 4336 difficultatese
2068 4261 2072 4267 ’

279 4389 432 4469 diversis
459 4384 691 4483 scriptorum
716 4384 763 4458 de
788 4372 869 4457 illo
886 4377 1147 4469 Minisleriali,
1174 4404 1290 4482 quem
1313 4365 1504 4454 Maiorem
1530 4378 1677 4454 domus
1695 4380 1946 4478 appellarunt,
1967 4375 2032 4448 lo·
2078 4438 2080 4443 .
2134 4430 2137 4435 .

280 4514 335 4591 ιιι
363 4524 492 4584 enatae
520 4502 667 4602 optime
691 4502 746 4575 ita
771 4499 948 4599 expedire
972 4478 1044 4575 sibi
1069 4499 1172 4575 visua
1207 4495 1282 4589 esi,
1311 4515 1357 4572 ιιι
1388 4521 1472 4575 non
1496 4520 1642 4590 unum,
1681 4498 1745 4575 sed
1770 4498 1867 4571 duos
1895 4489 2033 4566 eodem
