4590 5364
1040 290 1093 318 r...
1198 280 1247 357 gf*
1315 234 1403 320 ''a-

637 370 653 401 Ο

349 470 591 575 quacunque
610 470 716 546 causa
743 464 941 568 pennotus
968 466 1051 545 eam
1078 468 1304 577 excogitarit
1330 489 1485 561 auctor,
1525 471 1709 568 personas
1732 457 1887 573 quidem
1913 492 1950 549 et
1976 501 2036 556 res
2063 477 2108 551 ab

349 597 412 695 iis
447 592 562 694 gestas
591 619 638 664 ex
676 590 791 688 ipsius
817 591 887 664 fibi
925 586 1068 690 fingere
1105 594 1237 686 potuit
1262 592 1647 692 ingenio,moribus
1675 613 1805 666 tamen
1833 596 1959 695 gentis
1988 598 2111 669 etin·

358 712 497 789 stitutis
526 713 734 810 quidquam
759 735 978 809 repugnans
1005 711 1219 809 excogitare
1244 737 1327 787 non
1354 712 1496 808 potuit.
1557 718 1696 808 ltaque
1723 715 1882 787 eandem
1920 731 2021 786 certe
2047 737 2111 788 au·

352 834 573 906 ctoritatem
600 829 713 900 habet
738 831 827 902 haec
854 830 1049 922 narrarit),
1074 853 1115 900 ac
1141 829 1168 901 fi
1195 832 1237 903 in
1264 831 1442 916 Marculsi
1469 830 1648 904 formulis
1674 835 1906 930 legeremus,
1947 838 2112 916 Francos

301 1036 304 1055 ,
353 949 576 1026 convenisse
604 973 757 1034 omnes,
796 967 840 1019 ut
868 949 1049 1045 eligerent
1074 950 1266 1020 Maiorem
1292 949 1432 1036 domus
1456 949 1582 1042 illum.
1632 953 1810 1023 Attamen
1838 951 1880 1022 id
1906 976 1990 1023 non
2019 950 2113 1024 setu-
2144 985 2181 1017 .·

328 1120 332 1131 -
360 1096 428 1167 per
456 1063 626 1164 expressis
654 1067 780 1139 verbis
807 1065 976 1138 referunt
1003 1067 1213 1162 scriptores.
1248 1071 1476 1163 Plerumque
1503 1063 1608 1140 enim
1634 1069 1796 1141 dicium
1820 1069 1949 1141 Maior
1975 1065 2113 1142 domus

362 1187 587 1283 subrogatur
599 1178 652 1275 ³),
680 1188 742 1256 vel
770 1186 911 1257 electus
939 1177 1055 1276 est⁴),
1093 1189 1156 1258 vel
1182 1189 1320 1284 gradus
1347 1187 1509 1259 Maioris
1545 1185 1683 1273 domus
1710 1188 1754 1258 in
1793 1186 2114 1258 alicuiusmanu

362 1302 608 1389 confirmatus
636 1300 685 1375 est
697 1297 752 1394 ⁵),
796 1305 858 1374 vel
886 1305 1083 1401 elegerunt
1111 1304 1302 1400 quendam
1329 1305 1372 1378 in
1399 1304 1562 1377 Maioris
1589 1305 1729 1378 domus
1757 1293 2015 1393 honorem⁶),
2053 1300 2115 1391 uel

280 1496 299 1512 ,
327 1489 337 1503 ,
362 1449 409 1496 ex
444 1423 520 1494 hoc
554 1428 689 1520 genere
725 1421 871 1492 multae
907 1423 1000 1494 aliae
1038 1423 1269 1516 usurpantur
1294 1424 1504 1508 formulae,
1532 1445 1627 1518 quae
1653 1425 1796 1510 nullis,
1826 1421 1896 1519 qui
1921 1422 2114 1494 Maiorem

359 1541 500 1614 domus
528 1539 723 1637 elegerint,
751 1540 978 1626 nominatis,
997 1541 1107 1613 satis·
1129 1559 1258 1613 tamen
1283 1543 1411 1638 plures
1439 1541 1487 1613 ad
1511 1541 1705 1614 Maiorem
1730 1540 1868 1614 domus
1895 1539 2116 1639 eligendum

356 1657 580 1732 convenisse
608 1659 811 1731 declarant.
864 1635 1007 1757 liegem
1031 1683 1122 1732 vero
1149 1659 1273 1754 ipsum
1291 1656 1507 1732 Maioribus
1533 1658 1672 1732 domus
1700 1660 1885 1758 eligendis
1904 1652 2116 1729 interfuisse

259 1837 267 1858 ,,
358 1780 455 1850 inde
490 1772 677 1871 apparet,
700 1777 818 1871 quod·
839 1777 1112 1850 Warnaclrario
1139 1777 1322 1848 defuncto
1351 1778 1594 1848 chlotharius
1618 1784 1655 1848 II
1681 1777 1727 1849 ad
1751 1801 1902 1848 novum
1927 1777 2118 1848 Maiorem

205 1905 208 1913 '
242 1899 245 1905 '
353 1897 502 1967 ‘domus
531 1893 752 1992 eligendum
779 1918 866 1965 oum
892 1894 1071 1965 leudibus
1098 1893 1313 1982 convenit,
1352 1917 1430 1989 quo
1456 1911 1584 1966 tamen
1611 1919 1658 1965 ex
1683 1895 1772 1966 loco
1798 1889 1913 1964 simul
1938 1893 2118 1991 colligere

357 2010 582 2108 ¹possumus,
622 2013 948 2085 Maiorisdomus
976 2013 1206 2086 electionem
1231 2012 1449 2106 praesertim
1477 2033 1525 2083 ex
1549 2015 1752 2085 voluntate
1778 2028 1824 2083 et·
1842 2009 2012 2084 arbitrio*
2037 2011 2119 2083 Icu-

361 2128 458 2203 dum
485 2130 625 2201 factam
660 2119 792 2218 fuisse,
835 2131 978 2226 quippe
995 2133 1081 2228 qui
1106 2150 1200 2203 tunc
1224 2155 1376 2203 novum
1400 2131 1601 2202 Maiorem·
1619 2133 1763 2203 domus
1783 2130 1830 2201 in
1853 2128 2151 2219 Warnachariif

365 2251 496 2321 locum
523 2246 767 2343 substitutum
793 2252 947 2320 nollent
960 2247 1007 2339 ⁷).
1055 2249 1174 2321 ¹Haud
1200 2273 1284 2319 raro
1311 2267 1440 2322 tamen
1468 2250 1567 2348 regis
1595 2248 1784 2322 sententia
1813 2250 2118 2348 plurimum-va·

356 2366 475 2439 laissa
501 2385 538 2438 et
565 2360 1014 2463 quosrprimariasuisse
1035 2368 1209 2454 videtur,
1236 2368 1288 2437 ita
1316 2367 1495 2462 quidem,
1533 2385 1597 2453 ut,
1626 2393 1741 2464 quem
1767 2368 1952 2466 eligerent
1975 2362 2118 2452 leudes,
2172 2412 2178 2418 -

355 2464 436 2559 'rex‘
460 2486 539 2581 ipse
565 2502 808 2581 proponeret.
862 2468 995 2580 Neque
1020 2506 1112 2557 vero
1140 2485 1194 2555 ita
1220 2487 1396 2556 leudibus
1414 2484 1578 2555 Maioris
1605 2483 1744 2558 domus
1771 2483 1940 2584 eligendi
1964 2483 2119 2556 libertas

359 2595 522 2701 -prorsus
550 2596 812 2687 adimebatur,
839 2602 902 2672 sed
927 2603 1027 2698 regis
1054 2598 1212 2672 consilio
1239 2599 1717 2694 providebatur'tantum,
1751 2606 1969 2703 aeternare
1994 2600 2119 2675 etin·

369 2723 544 2795 consulto
572 2722 659 2791 talis
685 2720 813 2790 Maior
840 2705 1308 2819 domusconstitueretur,
1340 2716 1408 2813 qui
1433 2717 1496 2790 vel
1522 2741 1567 2789 eo
1595 2718 1718 2789 animi
1741 2718 1877 2817 vigore
1902 2719 2120 2818 mentisque
2160 2740 2165 2745 ·

341 2841 572 2926 ··alacritate,
601 2860 696 2934 quae
715 2839 761 2909 ad
777 2837 1001 2909 huiusmodi
1021 2860 1164 2910 munus
1191 2860 1280 2908 cum
1304 2833 1417 2907 laude
1443 2834 1726 2933 exsequendum
1751 2862 1861 2932 opus
1877 2835 1979 2925 esset,
2005 2839 2120 2933 plane
2178 2930 2189 2941 ·

369 2975 527 3042 careret,
555 2975 600 3028 ut
625 2939 863 3043 Bertharius,
890 2957 955 3027 vel
982 2957 1030 3027 ob
1057 2956 1219 3028 nimiam
1248 2955 1440 3050 quandam
1476 2955 1693 3050 imperandi·
1719 2951 1968 3051 cupiditatem
2006 2957 2121 3030 semel

363 3073 561 3149 commissa
588 3074 657 3147 sibi
683 3074 864 3173 potestate
891 3075 933 3147 in
949 3077 1125 3147 'aliorum
1150 3075 1362 3170 perniciem
1387 3073 1628 3170 abuteretur,
1657 3089 1701 3144 ut
1727 3051 1935 3147 Ebroinus.
1989 3069 2143 3172 Quum

360 3198 631 3269 enim'leudes
658 3214 736 3266 tam
762 3196 878 3267 multi
904 3215 941 3267 et
967 3221 1013 3267 ex
1039 3193 1119 3264 tani
1146 3189 1299 3265 diversis
1332 3190 1409 3264 fine
1444 3190 1563 3263 dubio
1603 3192 1860 3281 convenirent
1893 3193 2120 3292 regionibus

354 3318 415 3391 ,ad
440 3315 629 3386 Maiorem
668 3315 803 3386 domus
840 3315 1083 3412 eligendum,
1123 3329 1160 3383 et
1185 3311 1308 3396 illud,
1349 3328 1446 3405 quot
1470 3311 1661 3398 homines,
1688 3328 1819 3384 tantus
1846 3312 2121 3386 sententiarum

365 3428 571 3519 numerus,
599 3433 702 3504 haud
726 3457 812 3504 raro
839 3430 1113 3503 dissentionum
1140 3449 1178 3502 et
1208 3428 1484 3502 discordiarum
1510 3429 1640 3502 ansam
1666 3431 1892 3526 praebuerit,
1921 3431 2038 3504 satius
2065 3426 2119 3502 sa·

367 3563 422 3624 ne
444 3568 482 3623 et
508 3575 628 3652 paene
654 3549 898 3624 necessarium
924 3567 1014 3636 erat,
1042 3569 1086 3621 ut
1112 3552 1174 3624 vel
1200 3573 1287 3633 rex,
1315 3548 1379 3620 vel
1405 3547 1526 3636 alius,
1555 3549 1622 3646 qni
1647 3575 1719 3647 pro
1746 3547 1860 3647 ipsius
1887 3551 1930 3623 in
1957 3544 2120 3621 Fr'anco·

272 3722 276 3727 -
367 3696 455 3742 rum
480 3669 632 3742 civitate
659 3669 883 3742 conditione
910 3664 1140 3764 aptissimum
1163 3690 1352 3763 quemque
1378 3666 1424 3737 ad
1450 3665 1524 3741 boc
1549 3693 1692 3742 munus
1720 3651 2006 3764 suscipiendum
2031 3691 2120 3764 pro·

319 3841 329 3850 -
367 3814 512 3884 ponere
544 3784 685 3885 pollet,
733 3787 914 3859 electioni
952 3786 1238 3882 quodammodo
1274 3784 1452 3882 praeesset
1488 3803 1527 3858 et
1553 3787 1732 3862 omnium
1758 3783 1935 3885 suffragia
1962 3786 2005 3860 in
2032 3788 2121 3860 etim

372 3925 634 3994 converteret,
664 3907 730 4003 qui
743 3960 757 4009 t
781 3923 825 3978 ut
850 3907 928 3977 iarn
955 3903 1049 3993 dixi,
1078 3899 1283 4002 aptissimus
1311 3902 1382 3977 effe
1408 3905 1620 3979 videbatur.
1673 3911 1807 4002 Itaque
1832 3928 1900 3977 rex
1927 3906 2122 3980 interdum

352 4027 472 4098 »solus
499 4027 691 4099 Maiorem
717 4027 855 4098 domus
883 4011 1111 4098 constituisse
1137 4023 1279 4096 dicitur
1290 4052 1302 4111 3
1339 4023 1444 4122 quod
1479 4018 1608 4096 tamen
1644 4047 1729 4095 non
1763 4023 1817 4095 ita
1851 4026 2122 4122 explicandruu

345 4145 564 4247 rideatur,
592 4147 653 4221 uti
677 4144 895 4218 Sismondio
921 4144 1088 4241 placuit,
1125 4144 1199 4241 qui
1220 4142 1448 4217 electionem
1472 4134 1668 4214 interdum
1693 4141 1766 4215 soli
1790 4144 1872 4243 regi
1898 4168 1919 4218 a
1944 4143 2121 4218 leudibus
2256 4236 2259 4240 Ι

367 4260 459 4358 ipsis
484 4263 704 4362 permissam
729 4262 837 4338 fuisse
863 4264 1055 4360 opinatur.
1118 4264 1360 4362 Dagobertus
1395 4267 1415 4334 Ι
1450 4284 1483 4333 e.
1519 4284 1555 4361 g.
1593 4261 1641 4335 ad
1674 4252 2046 4351 Erchinoaldum0),
2074 4259 2123 4335 ad
2146 4251 2159 4267 ”

367 4382 658 4471 Grimoaldum,
693 4384 854 4480 Pippini
880 4388 910 4455 Ἰ
938 4374 1083 4481 silium,
1120 4372 1334 4481 sigibertus
1348 4376 1385 4473 ⁹)
1421 4381 1585 4473 Maioris
1621 4379 1759 4456 domus
1784 4405 1926 4458 munus
1953 4377 2122 4452 detulisse

367 4498 560 4575 dicuntur.
597 4505 675 4576 :At
710 4520 871 4613 praeter·
883 4503 983 4600 regis
1010 4486 1213 4578 consilium
1239 4490 1406 4575 aliorum
1433 4494 1587 4600 quoque
1613 4503 1817 4578 auctoritas
1844 4497 2122 4596 ,imprimisque

55 1505 71 1553 l
104 1494 110 1500 .
