4590 5364
974 349 1361 444 {0161—

294 553 487 624 dircess'urue
511 558 663 644 princeps
684 545 879 634 tradiderat,
913 558 1031 622 Franci
1054 558 1148 623 valde
1168 559 1350 624 contristati
1373 574 1481 637 erent,
1515 560 1604 646 quod
1624 582 1682 648 per
1704 562 1872 626 confilium
1894 565 2049 643 mulierie-
2097 541 2100 545 ¹

297 662 463 747 improbae
486 662 623 723 luilleut
645 660 740 739 diuisi
763 677 795 724 et
818 687 837 720 u
862 661 1009 741 legitimis
1033 661 1197 723 heredibus
1222 663 1324 748 diuifi.

380 797 415 871 c.)
437 778 573 858 Plurimi
596 812 741 859 veterum
764 797 954 881 scriptorum
979 797 1017 859 de
1042 798 1230 860 childerico
1255 797 1302 856 ΙΙΙ
1327 813 1360 859 et
1383 797 1422 860 de
1444 814 1611 893 tempore,
1636 821 1701 884 quo
1725 804 1846 862 electus
1870 803 1969 862 fuerit
1994 791 2053 862 ui·-

295 898 344 961 bil
367 902 538 961 memoriae
561 897 784 982 prodiderunt.
828 902 953 973 Auctor
974 898 1073 959 libell.
1106 899 1144 960 de
1168 902 1252 963 Mai.
1275 905 1374 962 Dom.
1399 902 1456 961 Du
1481 901 1608 963 Cherub
1640 902 1697 985 ll,
1727 924 1760 984 p.
1786 918 1826 976 2,
1859 901 1945 963 dixit
1967 903 2041 963 satis

294 1001 482 1062 indefinite:
538 1001 626 1073 „llis
658 999 846 1082 temporibus
884 1001 1063 1061 llildcricus
1093 1005 1125 1060 iu
1160 1003 1267 1081 Regno
1301 1003 1494 1065 Francorum
1522 1001 1761 1089 substituitur.“
1806 1004 1876 1064 Nec
1908 1003 1947 1062 de
1971 1006 2041 1064 eius

292 1106 561 1188 originevetcrcs
593 1103 767 1185 quidquam
803 1118 1105 1164 commemorarunt.
1162 1106 1285 1164 Auctor
1308 1100 1374 1166 Vit.
1401 1105 1509 1166 Corol.
1535 1106 1663 1190 Magni,
1687 1107 1745 1165 Du
1770 1104 1970 1175 Chcsuo‘ll,
2008 1128 2038 1185 p·
2142 1088 2168 1184 ζ’

289 1204 350 1285 69,
383 1205 485 1264 dixit:
540 1203 637 1277 „Post
667 1203 906 1265 Theodericum
936 1207 1087 1290 regnavit
1118 1204 1185 1267 solo
1209 1208 1342 1267 nomine
1373 1206 1593 1279 childericus,
1629 1203 1805 1292 insensatus
1836 1202 1940 1290 frater
1965 1211 2038 1276 eim,

290 1322 322 1369 et
340 1307 461 1367 ‹lelccit
484 1321 588 1365 totum
612 1327 712 1389 genus
734 1307 941 1390 regalc·“-
985 1305 1262 1391 Quotlliverum
1287 1306 1504 1382 effet,fniss'et
1529 1309 1614 1368 lilius
1638 1308 1822 1393 Dagobcrti
1846 1309 1908 1368 ΙΙΙ.
1955 1310 2036 1368 ltesn

287 1410 356 1471 Vir.
383 1409 430 1469 St.
457 1406 603 1480 Gennffi,
628 1409 684 1466 Du
708 1405 836 1468 Chesue
858 1410 930 1481 ΙΙΙ,
954 1432 986 1492 p.
1010 1408 1075 1486 456
1097 1411 1134 1471 C.
1157 1437 1201 1453 -
1244 1413 1367 1472 Auctor
1398 1414 1566 1496 genealog·
1597 1411 1683 1493 Reg.
1718 1410 1842 1469 lirauc.¹
1867 1432 1883 1468 a
1919 1409 2038 1470 Pbma·

292 1510 412 1572 mundo
436 1530 538 1590 usque
562 1508 600 1569 ad
616 1509 801 1591 Pippinum,
817 1513 873 1571 Du
888 1510 1016 1572 Chosue
1039 1510 1064 1583 l,
1088 1533 1120 1594 p.
1144 1527 1220 1592 793,
1244 1512 1382 1574 eundem
1407 1511 1627 1573 Childericum
1652 1511 1838 1571 Theoderici
1865 1510 1917 1571 JV
1936 1511 2038 1570 hlium

289 1611 578 1673 sollicitante-
620 1611 811 1694 Plerumque
840 1634 917 1673 vero
945 1613 1119 1695 Chilperici
1144 1615 1181 1673 ΙΙ
1208 1613 1292 1674 liliul
1317 1611 1410 1675 fuisse
1432 1630 1585 1698 putatur,
1617 1614 1710 1674 cuiue
1742 1618 1835 1696 origo
1861 1614 2032 1673 Mcrouiu-

288 1715 382 1801 giana
406 1711 548 1774 noudum
572 1709 646 1773 latis
669 1713 803 1795 probata
826 1712 877 1774 est.
924 1715 1009 1785 (cfr.
1032 1715 1100 1775 Pro.
1124 1715 1176 1790 ll,
1212 1715 1291 1798 Cap.
1316 1716 1383 1788 lv,
1422 1715 1501 1790 §2,
1533 1730 1601 1777 not.
1628 1714 1675 1783 2.)
1720 1714 1936 1795 llepidnuuus
1960 1716 2036 1775 Mo·
2093 1710 2097 1716 ⁴

287 1814 382 1875 uacb.
414 1815 537 1877 Chron.
569 1813 608 1874 ad
641 1835 691 1873 ou·
722 1826 808 1891 752,
840 1818 899 1876 Du
934 1815 1063 1878 Chesuc
1093 1814 1167 1892 111,
1207 1840 1239 1901 p.
1264 1827 1323 1896 471
1350 1817 1454 1892 dixit,
1488 1816 1566 1877 huic
1596 1814 1775 1876 Childerico
1803 1817 1893 1899 prius
1918 1836 2035 1877 nomen

293 1918 456 1977 Danihelis
482 1910 584 1977 inille·
607 1947 649 1959 ¹-
818 1912 826 1925 ⁸

371 2034 407 2111 3)
432 2037 499 2096 Clr.
525 2037 639 2098 Annal·
663 2037 777 2096 Metto.
801 2040 823 2095 l·
846 2041 869 2095 1.
893 2059 926 2120 p.
952 2049 1011 2109 272
1035 2051 1068 2097 ct
1089 2049 1142 2114 73·
1187 2036 1320 2124 Fredgr·
1344 2038 1469 2100 contin·
1493 2041 1551 2098 Du
1575 2034 1705 2100 Cbesue
1728 2037 1764 2111 l,
1788 2058 1821 2120 p.
1845 2046 1921 2110 773.
1968 2039 2034 2119 Ap·

285 2135 410 2222 pendix
433 2137 472 2197 ad
496 2135 687 2216 Geutteg.
711 2139 782 2197 Fre.
807 2136 873 2210 ibd,
898 2152 972 2210 720.
1001 2166 1041 2180 -

369 2255 404 2334 4)
427 2258 512 2315 Aun.
537 2253 652 2313 Melta.
677 2256 700 2313 l.
725 2249 747 2309 l·
770 2267 853 2325 272:
899 2284 968 2326 „-
987 2283 1031 2296 -
1052 2253 1264 2338 Couhlioqne
1287 2256 1382 2330 inito,
1407 2255 1544 2341 sumptis
1567 2255 1673 2317 lecum
1696 2255 1901 2339 principibus
1919 2255 2035 2318 liarlo·

283 2379 402 2420 manno
427 2372 459 2416 et
480 2355 622 2435 Pippiuo
644 2353 686 2412 ad
703 2353 892 2435 capiendum
912 2356 1113 2435 Orippoucm
1130 2358 1309 2414 exercitum
1329 2375 1537 2441 congregant·
1562 2357 1723 2430 (Franci.)
1748 2366 1895 2418 ·...'...
1931 2358 2036 2441 Quium

283 2463 521 2524 Karloruanuus
551 2455 713 2537 accipient
743 2455 777 2514 in
806 2477 892 2518 nova
922 2453 1047 2515 castella
1077 2453 1319 2517 custodiendum
1356 2457 1567 2518 traneurilit.“
1599 2486 1643 2501 -
1696 2460 1764 2520 cfr.
1795 2458 1927 2542 Prcdgr.
1956 2464 1979 2519 l.
2013 2463 2034 2519 l.

283 2563 441 2645 aliosque.
467 2587 505 2600 -·
1047 2623 1049 2627 ,
1196 2607 1204 2617 .
1288 2614 1293 2625 .

366 2665 401 2740 5)
424 2662 508 2722 Anu.
532 2658 648 2720 Metto.
672 2658 755 2721 ibd.:
780 2657 928 2745 „ogdilo
952 2657 1019 2719 dux
1040 2656 1287 2733 Baioariorum,
1313 2658 1370 2743 qui
1393 2658 1580 2722 lliltrndem
1605 2660 1702 2721 hlium
1727 2660 1837 2723 Caroli
1862 2658 1957 2722 adse
1982 2663 2032 2720 ln·

284 2769 427 2854 gieutcrn
451 2765 485 2822 in
509 2761 697 2846 coniugium
719 2761 777 2822 libi
801 2765 1007 2843 copulaverat
1023 2778 1136 2821 contro
1151 2761 1348 2823 voluntatem
1370 2762 1499 2846 Pippiui
1520 2781 1551 2824 et
1576 2763 1799 2835 liorlommmi,
1826 2761 1856 2823 le
1880 2778 1911 2822 et
1935 2763 2033 2823 etiam

282 2850 448 2931 Ducatum
478 2864 589 2928 fnum,
614 2885 708 2945 quem
738 2862 897 2947 largiente
921 2863 1000 2921 olim
1020 2862 1144 2923 ltaroto
1172 2864 1322 2948 principe
1345 2863 1521 2940 habuerat,
1545 2887 1563 2930 e
1586 2864 1812 2930 dominatione
1835 2864 2032 2948 Francorum

282 2969 468 3034 subtrahero
489 2963 691 3026 nitebatur·“
735 2966 805 3027 Cfr.
828 2964 960 3027 Contio.
984 2963 1115 3045 Fredgr·
1137 2969 1160 3024 1.
1183 2971 1205 3026 l.

368 3071 405 3143 6)
428 3072 511 3132 Anu.
544 3070 660 3132 Metto.
692 3065 758 3128 ibd.
789 3090 821 3150 p.
855 3080 934 3141 275:
980 3066 1128 3131 „Eodem
1163 3089 1293 3151 quoque
1323 3092 1408 3131 anuo
1431 3070 1670 3135 liarlomaunur
1693 3072 1846 3152 princeps
1880 3089 2057 3152 germano,

283 3174 341 3238 luo
357 3173 498 3255 Pippino
524 3169 684 3231 coulcllus
708 3168 760 3242 cll,
786 3168 873 3251 quod
896 3172 995 3229 vellet
1016 3167 1156 3229 lucidum
1181 3170 1405 3255 derelinquere
1428 3186 1461 3232 et
1485 3175 1551 3234 Dei
1576 3173 1812 3252 omnipotentis
1836 3170 1868 3231 lc
1891 3169 2029 3229 servicio

282 3277 473 3358 mancipare.
519 3272 597 3331 Inde¹
621 3273 749 3357 utrique
774 3270 804 3330 se
828 3270 971 3355 germani
993 3289 1279 3352 praeparaverunt·
1325 3275 1418 3334 Uuna
1450 3274 1626 3345 videlicet,
1659 3271 1756 3334 idest
1781 3273 2029 3339 liarlornauuus,

280 3396 318 3440 ut
340 3390 488 3463 pergeret
510 3374 550 3434 ad
571 3375 682 3434 limina
704 3371 930 3456 Apostolorum
952 3372 1040 3431 Petri
1065 3388 1097 3432 et
1119 3373 1232 3444 Pauli3
1277 3374 1437 3457 Pippiuus
1459 3397 1538 3436 vcro
1560 3374 1744 3448 laborabat,
1767 3390 1812 3433 nt*
1829 3372 1933 3456 ipsum
1957 3394 2028 3430 cum

284 3483 404 3544 lunrmo
423 3479 547 3539 honoro
578 3491 609 3538 et
639 3475 823 3535 muneribus
846 3474 971 3558 magnis
994 3472 1204 3538 ‹lestinarct.“
1249 3476 1465 3562 Cir-Fredgr.
1488 3481 1510 3537 l.
1534 3481 1557 3538 l.
1581 3500 1612 3561 p.
1634 3489 1709 3554 773.
1754 3476 1821 3537 l'it.
1853 3472 2030 3541 Zacbariee

235 3600 238 3605 '
268 3583 404 3647 Pontis.
428 3583 485 3640 Du
509 3578 636 3640 Clresne
659 3578 711 3641 11.
734 3601 766 3660 p.
791 3587 864 3653 20ss.
889 3607 928 3618 -·

366 3687 401 3758 7)
432 3685 518 3744 Anu.
550 3683 665 3741 bletts.
697 3684 717 3738 l.
741 3684 764 3739 l.
788 3703 821 3764 p.
847 3689 926 3754 274:
974 3676 1124 3753 „Eodem
1155 3702 1242 3741 anno
1264 3680 1426 3764 Pippinue
1449 3681 1593 3743 omnium
1615 3681 1810 3742 francorum
1834 3679 2029 3762 generaliter

199 3791 211 3846 l
279 3771 433 3869 Princeps
456 3780 677 3843 misericordia
701 3797 808 3843 motus
831 3783 962 3841 fratrem
986 3779 1074 3840 suum
1099 3782 1301 3866 Grippoucm
1332 3782 1372 3844 de
1395 3780 1555 3856 custodia,
1594 3783 1628 3842 in
1660 3804 1722 3864 qua
1755 3802 1828 3842 eum
1859 3802 2028 3865 gormanue

278 3888 354 3950 lunt
382 3891 618 3952 liarlonraunus
649 3884 847 3956 incluse-sut,¹
870 3882 1022 3945 liberavit
1054 3897 1086 3942 et
1117 3882 1219 3964 iplnrn
1252 3886 1393 3946 fraterno
1425 3883 1604 3946 dilectione
1626 3882 1821 3946 honoratum
1844 3885 1879 3942 iu
1902 3881 2027 3942 Palatio

278 3989 335 4053 [uo
359 3988 483 4048 habuit.
531 3987 689 4072 Deditque
713 3987 758 4045 illi
788 3984 964 4045 Comitatus
989 4001 1017 4042 et
1044 3980 1150 4066 Fiscus
1172 3985 1365 4066 Ρίιιήηιος.ιι
1388 4014 1428 4027 -·

363 4088 401 4168 8)
433 4088 502 4149 lbd·
531 4113 563 4173 p.
589 4100 669 4165 275:
711 4087 862 4169 „Grippo
887 4108 985 4159 vero,
1026 4105 1121 4166 quem
1144 4084 1183 4148 de
1208 4087 1349 4148 custodia
1372 4088 1517 4149 fraterno
1540 4085 1660 4148 effectu
1680 4086 1840 4170 Pippinue
1872 4085 2026 4157 solverat,

277 4193 450 4278 tyrannico
473 4189 554 4251 fallu
575 4195 692 4254 multos
714 4189 773 4252 fibi
794 4188 957 4252 nobilium
978 4185 1118 4248 [celarit
1145 4203 1179 4249 et
1208 4190 1288 4273 luge
1317 4188 1421 4274 lapsus
1444 4189 1574 4250 Renum
1596 4188 1756 4250 transiens
1781 4189 1815 4248 iu
1843 4187 2022 4251 Sororium

275 4293 404 4360 renit.“
428 4322 469 4336 -·

360 4395 397 4478 9)
419 4393 509 4457 ludu
554 4393 705 4483 „Grippo
728 4391 861 4466 videns,
896 4391 984 4477 quod
1007 4391 1171 4454 Saxonum
1193 4390 1292 4451 armis
1313 4391 1449 4452 minime
1470 4388 1605 4451 delendi
1628 4387 1752 4474 pollet,
1777 4393 1819 4485 in·
1837 4393 2025 4454 Boionriam

275 4498 441 4584 confugit.
473 4496 620 4580 Quorum
643 4495 708 4556 dux
732 4515 771 4555 eo
792 4509 940 4577 tempore
959 4494 1056 4555 Odilo
1079 4491 1256 4555 defunctus
1279 4505 1370 4562 crata
1395 4493 1448 4552 cni
1478 4491 1592 4574 'suffilo
1616 4492 1703 4559 silini
1726 4494 1795 4554 eine
1820 4491 2022 4564 succederet,

275 4622 371 4687 quern
393 4599 434 4663 de
456 4597 643 4685 principatu
665 4595 790 4680 Orippo
813 4596 945 4683 abegit,
976 4611 1019 4659 et
1030 4595 1093 4677 libi
1122 4594 1191 4682 iple
1212 4594 1382 4659 Metrias
1403 4590 1628 4683 subingerit.“
1649 4624 1693 4639 -
1738 4596 1808 4661 cfr.
1823 4590 2026 4680 dieschichre

1788 4751 1793 4761 Ι
1817 4746 1828 4759 Ι
1874 4757 1889 4799 ο
