4590 5364
132 403 135 406 .
223 396 234 430 q
253 379 257 383 ”

971 322 1023 385 ’,-
1088 311 1149 371 2
1252 287 1448 379 ··'.³
1596 254 1816 394 ','x,

270 508 371 592 1636
400 518 443 574 et
464 483 622 592 1641.¹)
677 494 807 568 Simile
843 517 939 588 opus
976 491 1192 587 composuit
1226 495 1479 591 Marqu‘ardus
1505 470 1708 582 Freherris,
1747 498 1852 613 quod
1888 523 2017 597 quam·

268 645 383 718 quam
408 643 491 690 non
517 633 643 689 tantae
670 612 937 707 amplitudinis
966 606 1026 697 est,
1055 629 1218 707 quantae
1244 613 1436 735 superius,
1465 614 1688 746 praecipuos
1714 632 1841 687 tamen
1876 618 2015 690 veteris

190 751 196 762 ‘
267 744 500 811 Francorum
525 729 700 805 historiae
727 730 924 840 scriptores
947 728 1132 800 continet
1147 722 1180 819 ²)
1221 766 1273 786 -··
1322 715 1403 801 Nec
1427 730 1573 802 minori
1610 755 1696 801 cum
1722 731 1832 831 laude
1858 735 1933 805 huc
1960 759 2016 806 re·

269 853 419 927 ferendi
453 853 544 925 sunt
578 857 711 922 Petrus
747 833 931 919 Pithoeus
947 838 1004 935 5)
1019 863 1058 916 et
1082 846 1278 918 Martinus
1303 855 1490 943 Bouquet.
1500 838 1536 937 ⁴)
1593 847 1704 943 Quod
1729 875 1820 922 vero
1848 852 1895 921 ad
1915 855 2016 949 leges

271 991 413 1046 veteres
440 989 479 1040 et
504 967 724 1079 capitularia
750 949 900 1069 Regum
916 965 1150 1035 Francorum
1176 964 1356 1059 pertinet,
1381 966 1593 1073 Stephanus
1611 967 1792 1062 Baluzius
1806 961 1839 1056 5)
1869 985 1906 1038 et
1924 974 2017 1039 Pau

265 1082 330 1163 'lus
358 1087 540 1169 Canciani
557 1076 592 1174 5)
634 1083 834 1153 anemine
861 1081 962 1152 haud
996 1079 1110 1153 dubie
1144 1107 1227 1153 non
1266 1083 1399 1178 magni
1434 1059 1683 1165 aestimantur.
1746 1088 1985 1181 Praeterea'
1974 1109 2017 1155 ιιι
2069 1163 2075 1180 x

270 1223 444 1279 veterum
469 1209 703 1287 Francorum
727 1199 877 1296 legibus
905 1197 1139 1292 explicandis
1165 1199 1366 1295 praecipue
1392 1200 1537 1272 summa
1565 1225 1654 1272 cum
1678 1201 1789 1272 laude
1813 1219 1851 1272 et
1869 1203 2017 1296 optimo

272 1340 414 1397 eventu
439 1326 494 1394 Ῑο.
522 1305 657 1417 Georg⁴
685 1317 873 1390 Eccardus
900 1316 1121 1388 elaboravit
1140 1311 1254 1408 ⁷-)
1279 1319 1579 1414 Quibuscunque
1606 1336 1743 1404 autem,
1771 1335 1917 1414 praeter
1933 1317 2017 1403 hos,

270 1439 418 1512 libris
406 1465 448 1509 ιιι
474 1440 545 1509 hac
571 1422 896 1509 commentatione
923 1433 1192 1506 conscribenda
1218 1435 1278 1506 uti
1303 1435 1402 1507 mihi
1426 1434 1605 1523 licuerit,
1633 1460 1697 1509 eos
1724 1436 1792 1509 suo
1830 1458 2018 1533 quemque

161 1635 167 1648 x
271 1558 359 1631 loco
386 1554 576 1628 indicabo.

1020 1720 1233 1889 ss«,

375 2011 425 2081 At
450 2031 500 2080 ne
526 2003 620 2101 quid
646 2002 771 2085 dicam
798 2003 843 2075 de
864 2004 1064 2075 annalium
1088 2003 1291 2076 ieiunitate
1323 2029 1394 2078 nec
1431 2007 1477 2079 de
1510 2005 1699 2113 inanitate
1735 2007 2018 2092 chronicorum,

276 2116 594 2202 omnium'instar
621 2120 723 2218 quasi
748 2123 963 2216 principem
993 2122 1133 2194 horum
1156 2121 1388 2219 scriptorum
1410 2124 1635 2223 Gregorium
1663 2123 1923 2197 Turonensem
1948 2148 2018 2195 no·
2064 2157 2073 2168 ,

136 2331 140 2343 Ι
260 2245 461 2329 minabo,
471 2241 538 2338 qui
555 2241 597 2312 in
623 2241 732 2312 libris
760 2245 796 2309 X
822 2235 1014 2311 historiam
1043 2245 1274 2312 Francorum
1293 2241 1339 2312 ab
1359 2240 1445 2338 ipsrs
1474 2242 1585 2337 regni
1608 2241 1852 2313 incunabulis
1884 2241 1930 2311 ad
1957 2240 2020 2330 sua
2098 2307 2100 2310 ,

243 2383 394 2466 ΔΙιιειιιιε
416 2378 588 2455 tempora
605 2351 880 2451 conscripsit.¹)
862 2359 1077 2454 >Quum
1113 2382 1205 2432 vero
1240 2353 1407 2431 studium
1443 2354 1618 2433 historiae
1653 2377 1826 2431 veterum
1858 2360 2021 2429 Franco·

234 2482 239 2496 ’
275 2505 361 2553 ιιιιιι
378 2505 445 2575 per
472 2502 511 2550 se
536 2475 616 2545 iarn
634 2474 768 2546 multis
797 2475 927 2570 eisque
947 2471 1053 2545 haud
1080 2476 1228 2574 exiguis
1255 2474 1543 2560 difficultatibus
1575 2475 1663 2549 satis
1697 2449 1938 2571 impeditum
1964 2472 2019 2560 sat,

273 2597 458 2682 maximas
506 2611 635 2663 tamen
679 2591 780 2660 haud
815 2589 929 2661 dubie
973 2607 1179 2686 comparat·
1203 2589 1441 2664 difficultates
1475 2594 1591 2665 huius
1625 2590 1793 2666 historici
1829 2591 2021 2664 invidiosa

276 2731 387 2809 atque
414 2710 598 2806 impedita
625 2703 815 2779 scribendi
850 2705 959 2780 ratio.
1013 2713 1114 2779 Nam
1152 2710 1254 2806 quod
1292 2710 1462 2806 primum
1499 2711 1546 2782 ad
1579 2710 1800 2783 interiorem
1834 2711 2021 2783 librorum

277 2829 449 2927 Gregorii
475 2824 706 2899 Turonensis
733 2824 906 2895 indolem
943 2827 1122 2919 pertinet,
1160 2829 1292 2901 aetatis
1323 2829 1408 2900 suae
1434 2827 1639 2928 ingenium
1665 2852 1871 2923 moresque
1892 2828 2019 2926 gentis

211 3022 214 3028 ,
276 2948 395 3028 nimis
423 2944 501 3043 sere
525 2945 711 3015 redolent.
763 2943 888 3039 Atque
914 2959 994 3013 erat
1022 2944 1089 3015 illa
1113 2944 1275 3039 quidem
1312 2965 1411 3019 aetas
1441 2944 1719 3042 superstitionis
1755 2948 1923 3030 vanitate
1949 2947 2020 3015 im-

275 3066 420 3161 plicata
443 3079 480 3132 et
513 3065 620 3133 velut
641 3053 907 3151 obcaecata32)
935 3052 1122 3133 Christum
1160 3081 1394 3160 cognoverat
1420 3066 1585 3160 quidem·
1601 3083 1713 3152 aetas,
1740 3089 1865 3160 neque
1890 3081 2020 3134 tamen

158 3249 160 3252 ,
276 3199 357 3254 erat
378 3179 471 3254 fidei
496 3176 907 3254 christianae'veritati.
927 3179 1077 3252 initiata
1091 3217 1112 3266 ,=
1144 3199 1184 3252 et
1214 3183 1345 3268 illam,
1378 3168 1500 3278 'quam'
1541 3180 1706 3255 Christus
1743 3183 2021 3279 praedicaverat

276 3324 424 3386 veram,
455 3297 707 3384 inviolatam,
738 3297 957 3396 generosam
982 3305 1095 3394 atque
1121 3299 1264 3391 sacram
1291 3301 1476 3372 virtutem
1498 3325 1550 3373 ne
1574 3302 1736 3389 sentire,
1760 3326 1821 3373 ⁴ne
1850 3321 2020 3395 compre·
2140 3335 2144 3340 ·

278 3418 442 3490 hendere
468 3418 624 3513 quidem
642 3416 782 3512 potuit.
832 3421 965 3511 Itaque
990 3417 1129 3489 Franci
1154 3419 1198 3489 in
1236 3418 1411 3519 doctrina
1445 3416 1644 3492 christiana
1667 3421 1791 3520 magis
1818 3415 2021 3511 mysticum

166 3544 170 3550 ’
268 3535 472 3630 quoddam
498 3552 536 3606 et
561 3534 777 3620 obscurum,
803 3539 919 3630 quam
943 3536 1113 3608 veritatis
1138 3537 1277 3621 lucem,
1303 3536 1427 3634 magis
1442 3538 1630 3612 vitiorum
1648 3531 1886 3634 praefidium,
1907 3558 2021 3630 quam

277 3677 433 3725 morum
458 3652 768 3753 moderatricem,
792 3652 918 3749 magis
943 3654 1289 3751 deniquevincula
1314 3653 1429 3727 salsae
1455 3656 1673 3744 servitutis,
1699 3682 1816 3753 quam
1842 3675 1952 3727 verae
1973 3651 2019 3722 li·

196 3815 204 3824 ·
276 3772 434 3842 bertatis
473 3768 698 3872 adiutricem
724 3770 1028 3869 inveruebanthr.
1083 3779 1209 3869 Quare
1246 3773 1387 3871 vulgus
1423 3775 1700 3847 miraculorum
1736 3769 2020 3851 narrationibus
2098 3786 2100 3793 ’

277 3888 421 3959 mirum
445 3890 489 3959 in
508 3887 669 3961 modum
696 3886 962 3969 delectabatur,
983 3908 1027 3970 ,et
1051 3890 1252 3985 scriptores
1283 3892 1392 3964 suam
1422 3891 1593 3988 ipsorum
1622 3891 1831 3962 utilitatem
1856 3888 2021 3983 spectan·
2087 3959 2090 3971 ,

280 4005 583 4078 tea-credulitate
607 4006 877 4101 imperitorum·
901 4006 960 4079 ita
982 4008 1253 4097 abutebantur,
1287 4027 1335 4081 ut
1357 4007 1406 4081 ad
1431 4008 1657 4105 captandam
1695 4005 1797 4105 quast
1823 4008 2021 4079 lectorum

281 4123 588 4196 benevolentiam
623 4110 773 4221 saepius
797 4129 1016 4218 Martyrum
1039 4127 1206 4200 mirifice·
1228 4128 1338 4208 sacto,
1365 4126 1537 4200 facinora
1562 4130 1806 4213 Sanctorum,
1844 4140 2020 4221 portenta
2050 4167 2053 4183 ·

245 4258 393 4336 satque
418 4241 608 4339 prodigia,
633 4267 729 4339 quaa
756 4262 843 4317 tum
865 4246 909 4316 in
936 4247 1058 4331 coelo,
1079 4252 1168 4318 'tum
1195 4246 1238 4317 in
1265 4265 1362 4319 terra
1388 4241 1598 4342 apparuisse
1624 4244 1883 4330 credebantur,
1909 4240 2019 4312 libris

189 4368 194 4376 '
282 4357 358 4430 suis
384 4358 602 4431 insererent
614 4352 648 4449 3)
700 4367 757 4433 Ita
783 4364 876 4434 adeo
903 4362 1024 4436 libros
1058 4365 1251 4438 miraculis
1290 4364 1500 4436 exornandi
1535 4364 1664 4460 cupidi
1698 4361 1808 4436 fuisse
1841 4358 2023 4432 videntur

280 4473 326 4546 hi
350 4476 562 4575 scriptores,
589 4495 634 4550 ut
658 4477 759 4551 haud
784 4504 919 4579 parum
946 4480 1052 4576 saepe
1077 4483 1157 4576 ipsa
1182 4479 1357 4556 historiae
1383 4480 1456 4556 fide
1480 4483 1577 4577 laesa
1613 4481 1723 4556 sactis
1749 4475 2022 4553 miraculosum
2142 4478 2145 4481 ’
