4590 5364
845 360 948 423 .····
1039 339 1098 426 ‘9¹
1203 362 1256 384 ··

1015 624 1055 713 i·
1083 639 1132 710 a.
1175 696 1178 701 .

292 820 418 891 Nemo
440 811 607 915 negabit,
636 807 753 883 talem
780 807 925 880 Carolo‘
939 807 1124 921 Marcello
1149 798 1262 880 fuiss'e
1287 804 1567 895 conditionem,
1594 808 1794 895 utmodo
1814 815 1945 888 volue-

184 920 256 1022 iit,
285 934 331 1007 ad
357 932 502 1032 regiam
528 925 750 1031 potestatem
777 925 892 999 etiam
924 925 1053 1024 regale
1077 950 1225 999 nomen
1255 924 1371 999 facile
1409 924 1478 999 lrbi
1513 928 1715 1024 proprium
1753 931 1945 1006 vindicare

193 1053 375 1150 potuerit.
432 1051 546 1147 Quod
573 1074 640 1121 cur
665 1071 747 1119 non
774 1043 918 1132 fecerit,
945 1042 973 1117 li
999 1043 1238 1140 quaerimus,
1268 1044 1476 1141 praecipua
1512 1046 1617 1118 causa
1654 1045 1805 1120 fortasse
1830 1051 1873 1120 in
1901 1076 1946 1124 eo

190 1168 309 1269 polita
337 1186 426 1255 erat,
456 1166 560 1266 quod
587 1166 744 1238 Carolus
771 1162 820 1236 ad
846 1161 964 1236 linem
990 1161 1069 1236 fere
1094 1187 1217 1261 usque
1240 1164 1345 1236 vitae
1370 1163 1426 1236 ita
1452 1189 1580 1236 rerum
1613 1183 1855 1239 extemarum
1883 1195 1945 1241 cu-

192 1312 231 1361 ra
260 1304 469 1382 occupatus
496 1284 633 1366 fuerat,
661 1299 705 1356 ut
732 1284 777 1355 de
804 1279 1096 1356 domesticarum
1121 1277 1217 1354 statu
1243 1282 1499 1380 permutando
1526 1282 1596 1357 vix
1623 1284 1789 1383 cogitare
1815 1284 1944 1382 pollet.

194 1405 472 1483 carolomanni
497 1420 626 1476 tamen
653 1419 691 1477 et
717 1400 882 1498 Pippini
907 1403 1030 1501 longe,
1060 1401 1132 1473 alia
1168 1420 1207 1474 et
1237 1402 1364 1502 magis
1398 1399 1501 1498 quasi
1528 1401 1707 1502 ambigua
1743 1422 1822 1475 erat
1858 1431 1948 1478 con·

184 1522 302 1596 ditio.
356 1529 458 1595 Nam
483 1522 537 1609 id,
566 1520 670 1619 qupd
696 1520 743 1593 ad
768 1534 934 1620 regnum
967 1520 1240 1617 occupandum
1275 1517 1522 1595 nocellarium
1558 1539 1656 1607 erat,
1694 1522 1811 1595 unius
1848 1523 1947 1595 sum·
2035 1586 2044 1599 ,

193 1665 301 1725 mum
318 1630 540 1735 imperium,
567 1662 677 1713 nova
702 1639 814 1737 regni
833 1636 1026 1713 'divifione
1053 1640 1181 1712 denuo
1209 1634 1310 1734 quali
1346 1637 1670 1733 interpellabatur.
1723 1640 1947 1723 Accedebat,

185 1744 298 1860 'quod
328 1759 488 1832 Carolus
515 1755 729 1851 Gripponi,
771 1753 852 1828 lilio
890 1755 1005 1851 ipfius
1039 1755 1193 1853 spurio,
1232 1782 1281 1826 ex
1318 1755 1539 1842 Sonihilde,
1568 1779 1684 1850 quam
1710 1759 1901 1852 captivam
1929 1783 1949 1829 e

188 1878 392 1951 Baiuvaria
421 1875 544 1946 secum
574 1873 789 1960 deduxerat,
816 1890 924 1958 nato,
958 1891 1081 1944 matre
1105 1871 1295 1944 incitante
1320 1872 1432 1970 regni
1452 1871 1644 1969 quandam
1671 1886 1820 1970 partein
1836 1881 1948 1947 Fran·
1999 1945 2004 1953 ,

196 1997 251 2070 cis
279 1994 367 2091 ipfis
393 1991 530 2066 invitis
558 1987 795 2078 concellerat,
809 1987 844 2082 ¹)
873 1991 977 2087 quod
1004 1988 1187 2063 fratribus
1213 1993 1421 2086 permultas
1439 1986 1628 2063 molestias
1645 1993 1803 2064 creabat.
1833 1998 1950 2066 Porro

195 2136 330 2189 omncs
358 2109 546 2184 finitimae
574 2098 724 2206 gentes,
749 2133 845 2206 quas
873 2110 1032 2183 Carolus
1067 2106 1360 2208 subiugaverat,
1395 2105 1480 2204 ipso
1513 2107 1700 2182 defuncto
1736 2111 1951 2196 libertatem
2034 2158 2044 2179 .

195 2230 266 2306 fibi
291 2214 769 2314 restituere'conabantur,
795 2243 836 2298 et
859 2226 1032 2299 Maiores
1058 2222 1198 2299 domus
1226 2227 1268 2299 in
1302 2219 1428 2301 tanto
1452 2251 1580 2298 rerum
1618 2225 1840 2301 discrimine
1874 2228 1952 2302 fine

193 2374 280 2450 rege
307 2349 439 2434 omnia
465 2340 726 2416 administrare
750 2361 791 2414 et
817 2367 997 2440 peragere
1031 2367 1116 2415 non
1153 2344 1354 2416 audebant.
1434 2345 1694 2443 Quamobrem
1730 2372 1857 2444 regem
1885 2349 1953 2421 eli·

196 2468 337 2567 gabant
364 2461 621 2533 Childericum
650 2461 756 2546 (ΙΙΙ),
787 2457 855 2553 qui
881 2475 1013 2531 utrum
1040 2482 1087 2527 ex
1113 2461 1443 2554 Merovingorum
1469 2479 1583 2557 gente
1610 2462 1741 2546 fuerit,
1781 2483 1818 2533 et
1846 2469 1952 2538 unde

195 2580 366 2671 venerit,
405 2574 581 2673 equidem
618 2599 669 2646 ne
702 2575 924 2647 coniectura
964 2574 1121 2668 quidem
1156 2575 1369 2648 accuratius
1415 2576 1574 2655 definire
1618 2575 1747 2649 aufim.
1763 2571 1810 2668 2).
1872 2588 1953 2652 Nec

197 2701 365 2773 multum
390 2688 541 2767 interest
550 2719 563 2778 3
590 2716 684 2766 nam
707 2688 915 2764 sufficiebat
940 2690 1158 2799 Maioribus
1186 2693 1324 2767 domus
1351 2694 1492 2790 populi
1517 2694 1667 2790 opinio,
1695 2696 1952 2770 Childericum

199 2807 653 2911 aMeroveooriginem
680 2808 846 2896 duxill'03
882 2828 961 2882 erat
987 2809 1130 2882 scilicet
1167 2809 1283 2884 huius
1320 2810 1520 2907 opinionis
1554 2810 1687 2884 eadem
1722 2813 1803 2901 vis,
1839 2834 1953 2913 atque
2038 2894 2044 2904 ,

196 2918 369 3012 ‘veritatis
396 2927 523 3027 iplius.
577 2934 712 3026 Neque
738 2927 1028 3002 diminuebatur
1053 2953 1161 3002 novo
1196 2955 1283 3030 rege
1318 2931 1517 3002 Maiarum
1554 2931 1692 3003 domus
1729 2935 1950 3007 auctoritas.

197 3053 346 3129 iteratis
373 3049 485 3123 enim
511 3046 821 3145 expeditionibus
849 3063 984 3125 contra
1009 3046 1259 3135 Alcmunnos,
1288 3053 1475 3136 Saxones,
1503 3051 1708 3123 Wascones
1737 3069 1774 3123 et
1800 3054 1953 3124 Hunol·

199 3175 304 3250 dunt,
333 3169 468 3240 ducem
505 3166 755 3262 Aquitaniae,
791 3189 877 3237 non
914 3161 992 3236 fine
1028 3164 1210 3260 prospero
1250 3165 1415 3238 succellu
1453 3168 1661 3264 pugnabat.
1674 3161 1707 3257 ³)
1762 3164 1953 3240 Difficilli-

200 3313 308 3362 mum
340 3310 431 3357 vero
468 3282 684 3356 Maioribus
721 3281 860 3356 domus
897 3302 1090 3354 certamen
1138 3300 1270 3355 contra
1307 3284 1480 3381 ipsorum
1514 3284 1670 3356 fratrem
1709 3302 1746 3357 et
1784 3284 1953 3358 sororem

200 3384 499 3498 Baiuvariosque
537 3400 825 3499 suscipiendum
851 3419 941 3474 erat.
995 3406 1096 3494 Nam
1122 3400 1270 3497 Grippo
1297 3403 1453 3475 Francis
1480 3403 1700 3476 auctoribus
1741 3428 1787 3474 ex
1826 3427 1868 3473 ea
1895 3429 1952 3476 re·
2011 3388 2014 3395 ¹

200 3525 269 3627 gni
296 3539 411 3621 parte,
440 3510 554 3615 qu'am
581 3521 737 3592 Carolus
754 3535 862 3615 pater
889 3520 924 3590 ei
951 3515 1189 3603 concederat,
1219 3520 1410 3615 expulsus,
1437 3517 1604 3592 fratrum·
1620 3522 1776 3592 arbitrio
1805 3525 1841 3593 se
1869 3520 1953 3593 sub·

199 3646 313 3717 iicerc
341 3625 614 3736 cogebatur34)
653 3635 864 3709 chiltrudis
892 3652 1026 3710 contra
1061 3634 1242 3709 fratribus
1277 3637 1415 3711 invitis
1442 3637 1489 3709 ad
1525 3636 1768 3738 Ogdilonem,
1804 3642 1953 3710 Ducem

198 3757 511 3858 baiuvariorum,
534 3752 793 3852 confugiebat,
821 3756 888 3850 qui
914 3751 1113 3852 postquam
1140 3780 1224 3826 eam
1251 3756 1435 3856 coniugio
1462 3756 1529 3831 fibi
1556 3757 1802 3844 adiunxerat,
1836 3762 1951 3828 Fran·

204 3902 336 3953 corum
361 3874 527 3970 imperio
556 3870 592 3944 se
618 3870 824 3944 subducere
851 3872 1242 3981 conabaturtviotus
1268 3893 1399 3947 tamen
1435 3872 1575 3974 fugae,
1612 3874 1772 3947 ultimae
1809 3875 1954 3969 quippe

205 3993 330 4078 saluti,
357 3991 432 4064 sese
456 3983 717 4080 mandabat.³)
770 3988 934 4062 Maioris
969 3992 1084 4063 etiam
1119 3993 1309 4064 momenti
1344 4010 1423 4065 erat
1460 3992 1708 4067 Carlomanni
1741 3993 1851 4091 regni
1888 3991 1953 4063 ab·

205 4111 359 4188 dicatio.
370 4099 406 4199 ⁶)
460 4109 578 4183 Cuius
605 4131 700 4205 quae
726 4104 872 4182 fuerint
906 4107 1056 4196 causae,
1092 4134 1209 4196 nemo
1245 4110 1476 4209 scriptomm
1512 4112 1718 4184 memoriae
1752 4098 1951 4206 prodidit3

203 4225 358 4307 fortalle
385 4228 663 4300 Carlomannus
689 4223 773 4324 post
797 4244 923 4302 tantas
949 4228 1053 4301 vitae
1085 4225 1359 4303 vicillitudines
1386 4248 1591 4327 tantosque
1617 4227 1776 4302 bellicos
1802 4229 1951 4303 labores

204 4354 248 4424 in
278 4338 496 4420 monasterii
530 4345 684 4416 latebris
721 4344 843 4418 animi
876 4348 994 4420 nimis
1031 4347 1250 4420 conturbati
1285 4347 1478 4444 quoddam
1511 4347 1690 4420 solatium
1727 4350 1789 4420 vel
1825 4348 1950 4422 otium

205 4467 303 4543 illud
329 4450 528 4537 honestum
554 4458 747 4556 quaelivit,
774 4464 877 4559 quod
903 4464 1035 4563 magni
1062 4463 1195 4560 potius
1222 4480 1259 4536 et
1284 4462 1419 4551 fortis,
1458 4459 1576 4562 quam'
1606 4469 1715 4564 parvi
1749 4485 1787 4540 et
1822 4462 1951 4560 exigui

208 4583 332 4660 animi
358 4575 622 4656 testimouium
647 4574 719 4666 clir
744 4602 874 4680 neque
899 4579 1027 4670 frater,
1053 4582 1261 4680 Pippinus,
1286 4581 1507 4686 repugnalle
1540 4585 1714 4677 ridetur,
1750 4584 1813 4658 eui
1847 4598 1952 4654 nunc

1506 4726 1640 4798 Ms-
