4590 5364
1035 222 1396 369 ÷4oss=

260 493 286 543 .‘
342 488 572 549 memorare,
608 454 872 532 testimonium
906 453 1084 589 praebere
1117 453 1274 555 videtur
1306 449 1565 552 graiissimum
1600 458 1645 529 de
1680 457 1807 543 huius·
1829 439 2090 534 ministerialis

343 582 581 678 antiquitate,
611 579 754 672 quippe
782 573 890 645 cuius
918 573 1029 670 origo
1058 588 1094 642 et
1120 570 1296 644 conditio
1325 575 1546 646 omnibus
1534 593 1588 647 ιιι
1615 575 1761 651 fuerint
1780 594 1907 664 notae,
1930 594 1980 647 ιιι
2003 577 2090 650 scri·

342 723 485 804 ptores,
513 685 558 772 de
584 691 804 810 posteritate
822 715 959 788 parum
985 683 1154 776 solliciti,
1182 690 1228 762 de
1254 689 1313 762 his
1328 691 1553 787 quidquam
1579 689 1710 766 afferre
1747 720 1797 767 ne
1836 719 1973 792 operae
2007 719 2093 790 pre·
2197 782 2202 792 ζ

289 857 293 860 ·
344 823 443 894 tium
470 817 624 915 quidem
651 800 842 884 duxerint.
895 809 1075 880 Alterum
1096 831 1208 894 vero,
1235 809 1397 882 Maioris
1433 809 1571 884 domus
1596 836 1742 885 nomen
1778 813 1896 885 serius
1933 813 2089 918 demum

343 940 433 1010 huic
459 930 717 1027 ministeriali
722 925 797 999 sive
824 925 982 1000 consilio
1009 925 1084 999 five
1112 928 1227 998 etiam
1253 924 1428 1000 fortuito
1444 925 1556 1000 fuisse
1581 929 1792 1018 tributum,
1830 907 1894 1003 etsi
1931 928 2095 1029 cogitari

346 1056 501 1154 quidem
527 1045 656 1146 possit,
691 991 812 1118 riullis
847 1063 977 1118 tamen
1003 1045 1248 1180 comprobari
1273 1042 1394 1141 potest
1432 1050 1667 1145 argumentis
1704 1066 1816 1146 atque
1850 1045 2093 1123 testimoniis.

345 1182 447 1248 Nam
472 1167 499 1241 ιι
525 1192 608 1240 ιιοιι
634 1166 828 1239 Maiorem
863 1164 1024 1251 domus,
1048 1163 1157 1259 prius
1184 1148 1270 1236 aliis
1296 1161 1376 1235 fine
1410 1165 1530 1237 dubio
1557 1165 1662 1239 hunc
1699 1163 1991 1240 Ministerialem
2024 1192 2097 1242 no·
2131 1192 2135 1201 ’
2234 1229 2247 1239 ,

344 1291 515 1377 minibus
544 1309 641 1381 opus
668 1299 746 1356 erat
772 1283 970 1379 appellare.
1024 1283 1075 1354 At
1099 1283 1192 1355 talia
1218 1269 1302 1354 non
1327 1282 1606 1371 inveniuntur3
1633 1309 1684 1356 ne
1710 1281 1911 1385 vestigium
1938 1286 2096 1383 quidem

350 1404 577 1483 huiusmodi
601 1401 776 1476 nominis
801 1400 866 1474 vel
891 1398 1062 1472 muneris
1088 1423 1251 1497 usquam
1278 1397 1414 1488 exstat,
1451 1334 1684 1498 qua'mqiram
1718 1404 1889 1477 Pertzius
1926 1407 2097 1492 Florum,

351 1528 415 1601 cui
440 1547 635 1618 nusquam
660 1518 1022 1616 unquamMaioris
1049 1519 1186 1591 domus
1211 1521 1273 1591 vel
1298 1517 1419 1591 fimile
1441 1534 1592 1615 ‘nomen
1626 1520 1823 1602 tribuitur,
1860 1524 2003 1619 quique
2029 1523 2099 1596 sub

349 1643 621 1719 Theodoberto
646 1644 666 1711 I
690 1635 823 1710 vixisle
848 1633 982 1724 fertur,
1009 1634 1161 1772 ιοιιιιιι
1187 1635 1388 1710 formulis:
1425 1637 1519 1733 „qui
1554 1640 1686 1710 omnia
1720 1638 1891 1712 Palatina
1925 1641 2102 1736 disponit

348 1757 638 1839 moderamina“
674 1773 748 1841 et,
752 1779 853 1834 ‚cum
886 1753 931 1824 in
959 1756 1069 1825 omni
1102 1780 1221 1850 regno
1259 1754 1515 1827 Theodeberti
1550 1755 1651 1852 regis
1687 1755 1874 1829 summam
1909 1759 2102 1831 obtineret
2186 1815 2196 1823 .

309 1877 619 1979 -potestatem,“
655 1895 752 1968 quae
786 1871 832 1941 de
866 1869 1070 1942 serioribus
1105 1869 1321 1942 Maioribus
1365 1869 1502 1942 domus
1536 1868 1667 1969 pallun
1701 1873 1932 1968 usurpantur
1967 1893 2005 1948 et
2039 1878 2103 1984 liic

349 2020 503 2096 quoque
528 2015 614 2065 non
631 1987 858 2091 coaetanei,
893 2004 939 2060 ut
972 1992 1038 2060 Du
1064 1986 1249 2060 chesnius
1274 1989 1346 2060 hos
1373 1987 1576 2084 scriptores
1602 1989 1845 2080 nominavit,
1880 1993 1944 2068 sed
1967 1978 2101 2091 potius

349 2114 503 2192 serioris
529 2108 712 2185 videntur
738 2103 809 2178 elle
835 2099 1025 2192 auctoris,
1052 2105 1151 2181 his
1139 2107 1260 2205 igitur
1286 2105 1469 2181 formulis
1495 2126 1717 2204 permotus,
1753 2111 1913 2186 Flomm
1939 2114 2102 2186 Maiore·

108 2320 116 2327 ‚
215 2242 230 2265 ¹
348 2237 420 2308 bus
447 2231 585 2304 domus
613 2224 822 2298 adscribere
856 2247 941 2295 non
978 2221 1179 2319 dubitavit.
1193 2217 1227 2316 ³)
1288 2230 1380 2297 Nec·
1405 2225 1615 2306 Sismondii
1649 2227 1861 2318 sententia,
1900 2227 2003 2321 (hist.
2038 2214 2103 2306 des

351 2349 546 2444 Francais)
598 2344 808 2418 Patricium
847 2341 1240 2440 in·Burg1mdionum
1267 2343 1423 2439 quidem
1448 2367 1570 2443 reguo
1597 2348 1762 2419 eundem
1788 2344 1920 2436 fuiffe,
1956 2372 1999 2421 ac
2034 2351 2104 2447 qui

351 2467 478 2571 postea
503 2465 633 2537 Maior
659 2462 798 2534 domus
824 2457 965 2547 fuerit,
995 2458 1040 2538 in
1067 2483 1150 2530 eam
1175 2483 1250 2533 nos
1276 2458 1457 2534 inducere
1482 2461 1605 2558 potest
1629 2466 1881 2564 opinionem,
1907 2483 1953 2540 ιιι
1979 2467 2105 2541 creda·

289 2642 294 2652 .
351 2614 451 2676 mus,
478 2582 621 2658 Maiori
647 2579 785 2650 domus
812 2577 920 2672 prius
956 2577 1112 2646 Patricii
1137 2600 1283 2646 nomen
1309 2574 1420 2648 fuisse
1445 2581 1658 2672 proprium.
1712 2590 1964 2681 Quapropter,
1993 2599 2105 2683 puto,

352 2706 475 2790 nulla,
501 2699 574 2773 nisr
601 2720 716 2793 quarn
741 2693 869 2765 tertio·
883 2691 971 2762 loco
999 2687 1109 2786 supra
1136 2691 1260 2777 attuli,
1286 2691 1403 2764 nobis
1428 2693 1536 2766 illius
1562 2690 1672 2766 restat
1696 2695 1838 2770 silentii
1864 2703 1987 2790 causa,
2015 2704 2106 2777 scri·
2161 2688 2167 2696 ¹

317 2818 337 2893 f
354 2821 530 2924 ptoribus
556 2815 706 2886 nullam
731 2807 896 2884 Maioris
922 2807 1060 2883 domus
1086 2809 1192 2905 prius
1217 2809 1452 2882 nominandi
1478 2811 1647 2884 oblatam
1683 2810 1814 2886 suilla
1833 2820 2106 2913 opportunita-

356 2963 448 3015 tem.
500 2941 626 3016 Nemo
652 2930 740 3005 sane
764 2926 934 3027 negabit,
962 2927 1105 2999 mirum
1131 2923 1221 3015 elle,
1257 2943 1303 2999 ut
1337 2929 1514 3002 omnium
1539 2930 1602 3004 hic
1626 2927 1885 3008 ministerialis
1910 2951 1991 3008 tam
2023 2935 2106 3013 sero

355 3063 510 3134 demum
536 3045 831 3147 ascriptoribus
856 3045 1094 3118 nominetur.
1146 3045 1326 3119 Attamen
1352 3043 1381 3118 ιι
1405 3049 1571 3153 primam
1596 3049 1759 3124 Maioris
1798 3052 1935 3137 domus
1973 3056 2107 3130 condi·
2155 3035 2165 3047 ’

355 3180 514 3253 tionem„
530 3167 816 3267 respexerimus,
842 3189 959 3239 nemo
986 3159 1151 3260 amplius
1177 3164 1393 3252 mirabitur,
1413 3190 1489 3243 >cur
1513 3167 1620 3264 prius
1645 3191 1729 3240 non
1765 3167 1888 3245 fuerit
1922 3175 2106 3248 nomine·
2213 3252 2216 3259 ,

356 3317 433 3373 tus.
484 3298 586 3366 Nam
610 3286 686 3361 five
711 3285 898 3372 Ludenii,
925 3283 1022 3375 live,
1059 3307 1182 3418 quam·
1198 3307 1272 3356 nos
1298 3284 1580 3380 proposuimus,
1608 3284 1795 3360 sententia
1819 3267 1948 3364 verior
1972 3292 2107 3373 hebea-

244 3475 256 3487 ,
357 3405 442 3500 tur,
480 3434 528 3484 ex
560 3425 721 3502 utraque
758 3403 846 3477 talis
881 3402 970 3473 larse
1006 3418 1085 3473 erat
1122 3399 1298 3498 priomm
1333 3399 1532 3476 Maiarum
1566 3404 1705 3478 domus
1744 3403 1962 3498 conditio,
1985 3412 2108 3509 qualis

318 3593 323 3599 .
359 3551 487 3632 aptam
514 3521 801 3621 scriptoribus
789 3519 1059 3616 imprimisque
1085 3515 1291 3592 Annalillis
1319 3520 1396 3594 illis
1431 3540 1544 3619 atque
1582 3523 1894 3663 chronographis
1929 3528 2108 3625 praebere

360 3676 443 3727 non
468 3644 598 3743 potuit
623 3643 694 3714 hos
720 3634 978 3714 ministeriales
1014 3637 1250 3709 nominandi
1284 3631 1535 3718 occasionem.
1599 3641 1721 3714 Sicuti
1753 3646 1861 3718 enim
1892 3636 2109 3723 Praefectus

360 3765 507 3845 Fisco
496 3789 539 3836 m
564 3784 623 3833 res
650 3759 830 3858 gerendas
857 3755 958 3828 haud
984 3757 1153 3826 multum
1177 3756 1303 3828 valere
1328 3758 1469 3854 potuit,
1483 3748 1561 3850 ⁶‘)
1547 3777 1601 3832 ιιι
1627 3758 1815 3837 historicis
1843 3764 1888 3836 de
1914 3765 2091 3862 Regis
2051 3792 2109 3840 vr·

364 3887 478 3973 cario,
504 3876 608 3954 nihil
633 3875 712 3950 fero
738 3871 979 3948 referendum
1004 3870 1114 3948 fuisse
1138 3872 1304 3964 videtur,
1331 3875 1400 3975 qui
1431 3877 1531 3978 regis
1557 3877 1672 3973 ipsius
1700 3897 1738 3952 et
1774 3881 1899 3980 gentis
1937 3878 2037 3955 sacta
2072 3902 2112 3958 et

364 4003 460 4111 gesta
480 3988 626 4078 1ιιιιιιι
653 3992 869 4068 mandanda
895 3990 965 4064 libi
990 3989 1280 4089 proposuissent.
1341 3999 1496 4091 Quanto
1531 3996 1654 4094 magis
1689 4021 1779 4071 vero
1806 3999 1935 4073 Maior
1972 3998 2111 4077 domus

364 4126 488 4264 prima
514 4108 737 4193 conditione
774 4110 958 4199 relicta,
945 4135 990 4184 ιιι
1016 4111 1292 4208 rempublicam
1318 4127 1357 4183 et
1380 4136 1439 4185 res
1467 4114 1650 4213 gerendas
1676 4114 1820 4204 ιιιιιιι,
1848 4135 1887 4190 et
1911 4117 2111 4217 propterea

365 4247 410 4318 in
434 4245 670 4313 Francorum
694 4227 888 4306 historiam
912 4230 1035 4329 magis
1062 4230 1260 4329 magisque
1285 4229 1518 4325 implicatur,
1545 4247 1656 4305 tento
1683 4231 1922 4331 frequentius
1953 4233 2112 4311 necesses
2124 4224 2127 4228 ⁸

367 4357 425 4435 rio
453 4346 474 4431 ιι
501 4351 748 4449 scriptoribus
773 4350 1008 4425 nominatur.
1037 4386 1089 4404 -
1116 4344 1295 4446 Quodsi
1282 4349 1336 4420 ιιι
1361 4372 1511 4436 veram,
1540 4373 1607 4422 cur
1631 4374 1715 4423 non
1741 4351 1850 4449 prius
1888 4355 2017 4427 Maior
2043 4354 2111 4431 do·

363 4501 454 4560 mus
479 4472 703 4549 nominatus
730 4461 857 4556 ιιιιιιι,
884 4462 1072 4544 invenille
1097 4483 1278 4563 putemus
1306 4465 1467 4554 caulem,
1494 4468 1687 4568 reliquum
1713 4465 1775 4559 est,
1802 4491 1848 4546 ut
1863 4471 1911 4547 'de
1927 4489 2112 4571 tempore,
2184 4549 2196 4561 „
