4590 5364
1055 375 1130 452 ...’
1214 393 1264 486 5⁶
1336 419 1421 455 Α...

360 607 432 681 nisi
457 605 668 679 inveterata
695 598 808 673 semel
827 597 873 671 de
885 596 1209 697 Merovingorum
1228 595 1414 698 regnandi
1432 596 1514 673 iure
1534 597 1701 697 opinio?
1752 606 1836 677 Hac
1852 603 1897 677 in
1916 603 2121 703 opinione,
2217 660 2232 676 ι

360 751 408 802 ne
435 727 558 799 dicam
584 723 657 792 hoc
684 720 728 792 in
754 742 893 804 errore,
919 715 1130 804 versantes,
1157 717 1259 805 „viri
1285 717 1484 805 fortiores,
1522 719 1591 815 qui
1614 720 1659 793 in
1684 722 1778 795 urbe
1814 741 1925 821 erant
1965 737 2121 818 Sueffio.

360 843 495 929 nica“,
524 864 544 912 a
573 835 814 910 childeberto
836 841 873 907 11
907 860 994 934 rege
1021 835 1262 932 petiverunt,
1300 854 1345 908 ut
1370 858 1495 908 unum
1521 862 1569 909 ex
1601 835 1717 934 ipsura
1750 839 1845 915 filiis
1878 840 1949 916 fibi
1986 843 2123 932 ducem
2200 902 2201 906 ,

361 975 630 1059 praeponeret3
645 949 682 1062 ⁹)
708 955 778 1026 hac
805 952 995 1049 opinione
1023 952 1125 1050 quati
1164 953 1288 1025 adiuti
1312 955 1617 1028 Alemannorum
1651 959 1887 1057 aliarumque
1929 957 2118 1037 finitima

363 1105 460 1166 rum,
489 1101 585 1174 quae
612 1073 766 1146 Francis
793 1072 981 1145 subiectae
1008 1089 1126 1157 erant,
1155 1071 1331 1171 gentium
1357 1074 1483 1161 duces,
1510 1077 1759 1175 Merovingis
1794 1078 1874 1151 iam
1907 1079 1956 1152 ad
1988 1079 2122 1155 interi·
2183 1104 2192 1125 ·

364 1219 449 1272 tum
474 1194 676 1273 ruentibus
703 1208 743 1263 et
768 1191 985 1265 Maioribus
1013 1191 1152 1263 domus
1180 1191 1310 1262 omnia
1337 1188 1701 1290 administrantibus,
1728 1186 1964 1270 Francorum
1996 1197 2120 1296 impe,-

363 1319 422 1392 rio
452 1316 489 1388 se
515 1311 720 1399 subducere
746 1309 997 1396 conabantur,
1023 1309 1144 1382 nullia
1170 1307 1326 1398 scilicet,
1352 1308 1425 1383 ιιιιι
1450 1335 1497 1382 ex
1522 1314 1846 1412 Merovingorum
1870 1312 2017 1389 familia
2052 1340 2111 1390 re·

364 1435 477 1536 gibus
505 1433 578 1507 sese
605 1430 933 1525 obtemperaturos
959 1424 1041 1515 effe,
1069 1423 1308 1500 affirmantes.
1322 1424 1373 1522 1⁰)
1423 1432 1557 1524 Neque
1583 1448 1712 1504 tamen
1731 1431 1946 1521 defuerunt,
1973 1420 2043 1531 qui
2069 1434 2117 1509 de

364 1555 447 1627 iure
474 1549 661 1650 regnandi
687 1545 1012 1682 Merovingorunr
1038 1547 1210 1620 dubitare
1236 1530 1454 1642 coepfflent,
1482 1547 1585 1643 quod
1612 1575 1689 1647 quo
1717 1552 1839 1650 magia
1855 1546 2076 1648 pristina
2036 1577 2116 1627 vtr-
2188 1590 2199 1604 ·

366 1693 428 1745 tua
455 1668 742 1754 deiiderabatur,
770 1690 816 1738 eo
842 1665 974 1738 minua
1000 1664 1221 1737 mirandum
1249 1661 1309 1737 cst.
1376 1661 1524 1738 Omiffis
1550 1689 1642 1741 vcro
1667 1669 1731 1741 hic
1755 1670 1834 1743 illis
1859 1669 1993 1745 seriori
2024 1664 2140 1746 Mei

344 1789 623 1885 ¹toringorum
650 1799 769 1855 aetate
794 1783 897 1855 haud
912 1784 1018 1855 raris
1044 1783 1155 1882 regni
1183 1774 1503 1871 affectationibus,
1530 1808 1655 1858 unum
1681 1804 1833 1860 tantum
1861 1776 2117 1863 efferremini

362 1909 476 1981 liceat
501 1903 731 2036 exemplum,
758 1901 862 1997 quod
887 1919 1045 1998 propter
1072 1902 1200 1999 ipsum
1224 1920 1377 1997 tempus
1403 1918 1540 1976 notatu
1563 1883 1715 1999 'videtur
1740 1902 1811 1977 effe
1838 1902 2112 2005 digniffimum.

363 2023 635 2099 Theodericol
663 2018 852 2093 nimirum
876 2019 920 2092 in
952 2015 1099 2093 dustria
1131 2037 1316 2121 regnante
1350 1990 1605 2095 Mundericua
1637 2019 1817 2119 quidam,
1853 2041 1988 2101 coacto
2023 2023 2126 2103 satia

364 2141 558 2241 frequenti
583 2141 743 2235 populo,
771 2138 916 2224 eodem,
945 2161 986 2211 ac
999 2113 1288 2224 Theodericum,
1317 2139 1399 2212 iure
1425 2140 1463 2213 se
1488 2144 1720 2214 Francorum
1744 2155 1875 2240 regem
1899 2139 1970 2215 effe
1995 2138 2112 2239 pede,

366 2259 622 2336 contendebat
636 2253 700 2347 1¹).
756 2262 959 2353 Quaeres,
987 2256 1163 2353 quamuis
1190 2282 1273 2330 non
1301 2258 1450 2353 optimo
1478 2256 1654 2356 gauderet
1679 2277 1841 2346 eventu,
1866 2259 1954 2347 satis
1981 2277 2112 2333 tamen

364 2377 527 2464 testatiu,
555 2400 672 2474 quam
696 2375 841 2447 incerta
867 2391 981 2472 atque
1008 2374 1123 2450 dubia
1150 2400 1192 2448 ea
1218 2375 1298 2470 ipsa
1326 2393 1446 2448 aetate
1479 2377 1801 2475 Merovingorum
1826 2376 2000 2467 conditio
2026 2374 2112 2451 fue-

310 2526 313 2530 ·
365 2504 429 2585 rit,
458 2522 532 2596 qua
557 2496 737 2566 nondum
762 2509 915 2588 patrum
949 2486 1072 2564 virtus
1098 2493 1382 2567 defiderabatur.
1446 2500 1599 2588 Quanto
1634 2494 1757 2593 magis
1791 2510 1905 2581 tunc,
1941 2517 2030 2568 cum
2063 2495 2113 2589 ιιι

363 2622 431 2692 illa
456 2619 599 2688 virtute
624 2613 693 2683 vix
719 2635 761 2681 ao
786 2635 836 2680 ne
861 2611 929 2680 vix
955 2607 1109 2705 quidem
1128 2584 1334 2744 ‘uestigium
1360 2610 1555 2706 quoddam
1579 2630 1659 2684 erat
1681 2609 1966 2685 relictumi-
2013 2612 2111 2689 satir

363 2736 482 2836 igitur
508 2728 751 2828 perspicuum
788 2721 862 2811 cst,
902 2749 1001 2798 cum
1029 2727 1195 2801 omnino
1230 2727 1333 2826 regis
1372 2733 1626 2847 Francorum,
1664 2746 1751 2809 tum
1783 2729 2119 2828 Merovingonmt

362 2852 564 2951 praecipue
592 2843 895 2918 conditionem
883 2843 1130 2918 incertiorem
1157 2823 1288 2932 fuiffe,
1315 2871 1432 2943 quam
1457 2872 1552 2943 quae
1577 2846 1621 2921 in
1653 2845 1811 2946 longius
1847 2863 1998 2942 tempus
2036 2847 2107 2921 du·

361 2995 443 3045 rare
468 2965 650 3065 potuerit.
703 2969 803 3037 Nam
834 2963 924 3037 haec
949 2960 1028 3058 ipsa
1056 2962 1291 3038 conditionis
1316 2960 1550 3038 incertitudo
1569 2981 1681 3099 atque
1699 2963 1941 3063 ambiguitas,
1960 2988 2107 3075 vereor,

361 3087 686 3184 Merovingorum
710 3080 916 3155 interitum
941 3081 1021 3153 iam
1046 3081 1155 3176 priua
1181 3081 1403 3184 adduxerit,
1435 3079 1508 3153 nifi
1534 3083 1673 3154 eximia
1698 3083 1768 3155 illa
1794 3078 2071 3159 chlodovei'
2029 3108 2108 3159 vrr-

286 3247 290 3255 ·
359 3230 422 3283 tus
449 3225 488 3282 et
521 3206 705 3303 regalem,
743 3219 781 3272 et
814 3200 1139 3298 Merovingorum
1163 3198 1387 3300 potestatem
1410 3222 1496 3276 non
1527 3198 1647 3279 modo
1672 3197 1854 3291 firmarit,
1890 3196 1956 3314 ied
1990 3199 2115 3285 ιιιιιιι,

359 3327 507 3405 fluxerit
549 3341 661 3422 atque
687 3313 968 3417 amplificant?
969 3311 1077 3417 ²-·-)

1175 3517 1211 3608 §-
1253 3530 1289 3607 8·

461 3706 700 3801 Magnorum
726 3699 962 3798 cognomina
987 3695 1016 3772 fi
1041 3700 1181 3772 merito
1208 3700 1257 3773 iis
1284 3694 1599 3796 exprincipibus
1624 3720 1646 3771 ι
1679 3691 1896 3795 posteritate
1919 3642 2106 3771 ¹tribuun-

358 3846 431 3909 tur,
460 3823 528 3920 qui
554 3844 638 3892 non
664 3818 790 3889 solum
814 3840 858 3887 ea
883 3833 1014 3901 aetate,
1044 3831 1118 3912 qua
1142 3815 1339 3899 vivebant,
1365 3819 1499 3892 ceteris
1525 3818 1777 3904 excellebant,
1801 3810 2014 3888 sedetiam
2033 3838 2105 3910 po·

358 3941 513 4016 steritati
538 3936 768 4035 praeclari
755 3933 907 4031 nigenii
941 3935 1181 4029 reliquerunt
1212 3932 1389 4032 vestigia,
1421 3959 1540 4008 nemo
1573 3932 1726 4008 fortaffe
1755 3932 1897 4006 maiori
1928 3954 2103 4029 unquam
2171 3920 2200 3959 ·’

357 4061 439 4130 iure
464 4064 633 4156 Magnus
659 4051 869 4153 praedicari
894 4047 1027 4147 potest,
1055 4074 1171 4146 quam
1197 4052 1452 4131 chlodoveus,
1480 4051 1548 4146 qui
1574 4049 1788 4125 Cbilden‘co
1810 4069 1929 4153 patre
1964 4047 2104 4123 detm-

356 4193 432 4260 cto,
460 4181 694 4248 Francorum
719 4177 884 4270 regnum
920 4169 1096 4262 suscepit
1149 4168 1372 4243 chlodoveo
1407 4166 1518 4240 enim
1552 4185 1736 4265 regnante
1772 4171 1983 4242 mimam
2015 4165 2138 4263 ΡΨ·
2220 4263 2228 4273 ⁸

354 4310 435 4367 tem
459 4290 486 4365 ii
512 4316 596 4364 non
624 4291 907 4374 condebantur,
933 4287 1059 4386 magis
1084 4286 1282 4384 magisque
1318 4303 1449 4358 tamen
1474 4283 1747 4357 excolebantur
1778 4309 1822 4356 ca
1855 4281 2029 4358 intritum
2058 4300 2103 4361 et
2139 4311 2154 4379 ζ

352 4413 478 4511 leges,
505 4410 715 4504 inquibus
747 4407 936 4502 plur-imae
971 4420 1018 4479 ex
1053 4404 1332 4479 recentioribus
1366 4400 1589 4479 civitatibus
1621 4419 1808 4498 tanquam
1842 4398 2105 4479 fundamenta

352 4550 465 4630 atque
491 4525 687 4624 principio
712 4524 803 4596 sunt
835 4521 988 4618 politae.
1052 4525 1147 4597 Fuit
1165 4543 1259 4591 vero
1290 4521 1408 4591 etiam
1444 4522 1687 4594 chlodoveus
1725 4516 1829 4618 qurfi
1866 4521 2022 4614 primus.
2048 4540 2105 4595 cx

352 4647 606 4726 uubrromm
638 4639 905 4742 principibus,
954 4637 1024 4738 qui
1056 4631 1193 4714 Christi
1225 4635 1415 4711 cultorem
1453 4640 1582 4734 pum
1613 4638 1652 4714 ie
1684 4633 1957 4751 profitemur,
1992 4635 2110 4740 quod
