4590 5364
1050 338 1104 360 ..
1206 247 1413 382 ω’-

352 531 398 588 ut
415 512 484 588 vix
499 509 573 584 alia
585 509 707 608 magis
727 505 948 582 calamitosa
962 521 1004 591 et
1030 523 1209 606 corrupta
1229 506 1402 583 inveniri
1415 501 1537 606 poffit.
1563 509 1682 585 Nulla
1704 512 1988 605 contravirtus,
2007 512 2109 592 nihil

237 704 242 713 ,
353 656 549 735 magnum,
575 629 678 704 nihil
702 629 950 726 praeclarum,
975 627 1078 701 nihil
1106 614 1318 724 ‘pulchrum
1351 624 1581 724 posteritatis
1617 631 1771 707 animos
1804 633 1899 721 huic
1930 650 2011 708 tam
2044 636 2108 710 de·

217 766 224 773 '
355 770 532 854 pravatae
557 747 674 821 aetati
699 745 950 820 reconciliare
974 743 1104 843 potest.
1158 748 1298 822 Orbata
1324 746 1427 846 quali
1453 766 1533 822 erat
1552 750 1671 823 omni
1695 741 1904 826 honestatis
1930 751 2041 827 sensu
2066 773 2107 829 et

354 895 508 947 morum
552 864 767 965 probitate3
815 882 855 938 et
886 862 915 939 fi
950 888 1045 963 quae
1078 862 1263 938 exstiterit
1295 891 1316 940 e
1349 867 1590 943 naturalibus
1622 869 1702 972 illis
1736 868 1971 960 virtutibus,
2012 897 2109 971 quae

341 1017 437 1067 non
462 1005 544 1060 tam
569 982 695 1072 fortis,
723 1007 840 1082 quam
864 982 1053 1057 imbecilli
1076 985 1262 1059 videntur
1287 981 1358 1058 effe
1393 985 1543 1085 ingenii
1579 983 1818 1075 testimonia,
1855 1013 1953 1087 quaa
1986 991 2109 1066 animi

356 1105 623 1191 mansuetudo,
650 1100 914 1199 temperantia,
940 1102 1080 1177 lenitas
1108 1121 1146 1177 et
1170 1103 1453 1192 benevolentia,
1473 1103 1558 1178 fieri
1584 1122 1716 1181 tamen
1741 1131 1824 1182 non
1840 1109 1984 1204 potuit,
2010 1111 2109 1208 quin

354 1224 557 1305 communi
583 1223 717 1296 aetatis
742 1220 980 1415 Ρετνετίῑωζ
1004 1246 1090 1297 non
1115 1223 1234 1297 modo
1261 1218 1444 1321 oppressa,
1470 1246 1608 1298 verum
1634 1225 1750 1299 etiam
1775 1224 1820 1297 in
1853 1212 2030 1301 'furorem
2069 1245 2109 1301 et

357 1347 565 1431 audaciam,
592 1339 712 1416 fuerit
737 1357 933 1415 commuta
974 1394 985 1415 .
1023 1341 1187 1416 ·‘Gausas
1212 1333 1359 1417 verosi
1382 1342 1577 1440 inquirere
1602 1342 1771 1418 velimus
1796 1327 1925 1418 tantae
1949 1367 2109 1420 morum

299 1488 305 1496 ·
356 1462 621 1571 perversitatis,
647 1458 696 1532 ad
721 1456 949 1561 divisionem
972 1458 1082 1534 illam
1115 1461 1228 1560 regni
1262 1455 1517 1570 fatalillimam
1544 1460 1695 1536 animoa
1721 1462 1861 1536 iterum
1888 1487 2111 1540 revocemus

303 1622 312 1632 ¹
344 1585 500 1667 necesse
526 1579 587 1657 est.
642 1586 742 1653 eum
766 1579 873 1652 enim
886 1578 1120 1678 chilpericus
1145 1576 1218 1654 fibi
1241 1578 1314 1653 soli
1338 1594 1543 1677 paternum
1567 1604 1733 1680 regnum
1755 1580 1954 1655 vindicare
1975 1581 2112 1669 vellat,

317 1784 322 1789 .
358 1711 494 1785 fratres
521 1717 667 1787 contra,
692 1723 778 1773 non
803 1697 935 1771 minus
960 1697 1073 1796 regni
1099 1696 1244 1793 cupidi,
1269 1697 1382 1798 regni
1406 1698 1509 1774 vires
1536 1698 1725 1788 dividere,-
1746 1722 1865 1798 quam
1888 1700 2007 1774 unius
2036 1700 2111 1775 im·
2238 1739 2242 1745 ·

211 1898 216 1911 ,
340 1822 464 1928 'perio
493 1820 625 1896 omnia
650 1815 889 1888 committere
914 1810 1137 1902 mallent‚¹)
1167 1811 1469 1886 restaurabantur
1503 1816 1716 1890 discordiae
1741 1817 1831 1892 illae
1856 1835 1970 1917 atque
2009 1819 2110 1892 bella

344 1944 497 2029 civilia,
526 1960 621 2036 quae
646 1948 801 2033 gentem
823 1933 1060 2004 Francorum
1085 1927 1134 2002 ad
1156 1929 1280 2027 ipsam
1304 1928 1386 2004 fere
1410 1930 1915 2028 perniciemperduxemnt.
1966 1935 2029 2010 Ad
2044 1960 2112 2012 re·
2187 1952 2190 1959 '

314 2156 319 2163 ,
356 2089 455 2150 teor,
481 2083 532 2132 ne
556 2056 717 2150 ineptus„
740 2046 852 2123 essem
876 2064 915 2121 et
941 2072 1039 2146 opus
1064 2074 1149 2123 non
1173 2049 1305 2123 minua
1330 2047 1587 2148 superfluum,
1614 2070 1731 2148 quam
1768 2047 1921 2126 difficile
1947 2050 2114 2152 suscipe·

358 2207 450 2267 rem,
477 2172 678 2272 sasingula
702 2168 810 2242 illius
838 2169 972 2240 aetatis
1009 2164 1186 2240 facinora
1212 2166 1392 2264 deinceps
1418 2189 1591 2241 enarrare
1622 2168 1775 2241 vellem.
1842 2171 2114 2271 Quodcunque
2143 2161 2147 2167 ’

359 2303 463 2378 enim
489 2293 679 2393 flagitium
704 2283 957 2372 commissum,
986 2283 1243 2383 quodcumque
1269 2283 1417 2358 crimen
1441 2301 1538 2358 tunc
1562 2301 1758 2382 patratum
1783 2282 1846 2374 111,
1873 2304 1912 2361 et
1938 2292 2114 2387 Gregorii

347 2422 424 2497 sex
449 2412 579 2490 ultimi
614 2404 855 2483 historiarum
890 2403 984 2478 libri
1015 2419 1095 2476 tam
1121 2404 1243 2475 multa
1278 2426 1326 2476 ex
1358 2404 1434 2478 hoc
1467 2427 1605 2503 genere
1638 2402 1848 2502 praebent,
1882 2421 1928 2479 ut
1959 2407 2114 2482 nullam
2152 2490 2157 2501 ,
2249 2484 2260 2498 ,

359 2541 439 2616 sere
463 2532 645 2633 paginam
671 2525 849 2621 reperias,
867 2520 975 2619 'quin
1001 2521 1095 2616 quid
1127 2518 1305 2618 flagitiosi
1340 2537 1380 2591 et
1411 2521 1537 2615 turpis
1572 2521 1785 2596 contineat.
1850 2526 1975 2598 Taceo
2007 2549 2144 2600 nunc,

326 2643 330 2653 ’
361 2661 526 2735 fratrum
551 2643 789 2728 inimicitias,
816 2657 924 2711 taceo
950 2639 1050 2710 bella
1076 2636 1227 2723 civilia,
1253 2650 1361 2708 taceo
1385 2659 1524 2734 regum
1548 2636 1594 2710 in
1632 2636 1854 2714 foederibus
1888 2641 2115 2720 conservan-

362 2779 421 2852 dis
447 2763 658 2868 perfidiam,
668 2754 703 2854 ²)
732 2781 828 2856 quae
855 2755 986 2830 omnia
1013 2770 1249 2852 quantopere
1275 2752 1475 2830 civitatem
1499 2759 1738 2829 Francorum
1757 2757 2032 2854 perturbarint,
2052 2764 2115 2837 in.
2212 2738 2220 2747 ’

363 2897 410 2967 de
443 2888 639 2968 videmus,
675 2878 781 2978 quod
813 2872 895 2972 ipse
928 2871 1136 2973 Gregorius
1173 2871 1361 2946 maiorem
1392 2871 1529 2948 aetatis
1564 2873 1651 2950 suaa
1687 2871 1971 2972 perversitatem
2003 2878 2115 2956 111111
2200 2868 2211 2910 ³

363 3009 536 3091 affirmat,
563 3023 679 3100 quam
704 3013 879 3092 tempore
904 2990 1180 3090 „persecutoris
1213 2984 1541 3085 Diocletiani.“³)
1593 2998 1750 3067 Novam
1782 2992 1871 3069 sane
1904 3012 1943 3068 et
1967 3021 2116 3092 parma,

362 3152 483 3234 gnam
505 3115 786 3221 discordiarum
810 3113 941 3187 ansam
964 3127 1204 3210 praematura
1229 3109 1443 3192 Cbariberti
1465 3133 1572 3185 mora
1597 3111 1786 3208 praebuit,
1814 3110 1933 3210 idque
1956 3134 2116 3214 propter
2158 3163 2161 3167 .

361 3247 483 3351 regni,
512 3241 616 3341 quod
642 3235 826 3310 fratribus
851 3231 1069 3330 reliquerat,
1096 3227 1335 3304 divisionem.
1387 3234 1443 3304 Ea
1466 3229 1657 3304 nimirum
1682 3225 1913 3306 1111111611
1948 3233 2053 3308 inter
2078 3236 2116 3310 se

361 3361 533 3444 dividisse
558 3360 738 3433 dicunun
764 3351 894 3425 fratris
919 3373 1094 3450 regnum,
1120 3366 1168 3422 ut
1191 3348 1388 3421 Lutetiam
1414 3345 1658 3436 Parisiorum,
1686 3371 1783 3446 quae
1808 3366 1889 3423 erat
1916 3354 2030 3452 regni
2056 3378 2115 3430 ω.

361 3504 445 3584 put,
471 3477 623 3565 nemini
648 3472 820 3556 fratrum,
846 3467 919 3543 nili
943 3467 1104 3565 reliquis
1129 3464 1314 3541 fratribus
1342 3465 1693 3554 consentientibus,
1728 3467 1872 3544 intrare
1896 3468 2116 3575 permissum

362 3603 493 3679 fuerit.
503 3589 541 3689 ⁴)
595 3599 700 3692 Quae
726 3588 914 3675 conditio,
940 3604 987 3660 ut
1012 3603 1092 3658 erat
1116 3610 1184 3682 per
1210 3581 1248 3658 se
1271 3584 1402 3658 nimia‘
1419 3584 1564 3679 inepta,
1591 3601 1753 3683 quantas
1779 3584 1944 3661 fratrum
1980 3589 2206 3663 1111111-Ι
2278 3630 2287 3645 a

303 3697 308 3709 .
364 3723 472 3795 citius
499 3716 628 3789 denuo
654 3707 841 3795 excitarit,
868 3692 895 3784 sr
919 3692 1035 3781 111111
1061 3726 1253 3800 exponere
1278 3702 1421 3790 velim,
1447 3700 1633 3778 idoneum
1672 3704 1861 3780 orationis
1894 3702 2013 3778 linem
2047 3707 2116 3780 vix

364 3834 574 3914 inveniam.
1083 3860 1087 3866 -

1167 4031 1225 4120 i·
1252 4040 1290 4120 t·

468 4208 537 4281 Sin
562 4226 656 4280 vero
683 4193 926 4277 domesticam
944 4212 983 4270 et
997 4187 1112 4292 'quati
1148 4195 1340 4292 privatam
1372 4191 1495 4268 1111111
1528 4192 1753 4290 principum
1789 4196 2023 4274 Francorum
2059 4223 2115 4271 aa·

368 4325 563 4428 spicimua,
589 4323 693 4395 haud
719 4320 869 4393 minora
905 4313 1124 4388 infortunia
1161 4326 1201 4385 et
1236 4311 1404 4386 miserias
1439 4309 1531 4385 inde
1563 4312 1807 4417 Merovingia
1843 4335 1972 4412 parata
2006 4313 2116 4389 suilla

367 4440 521 4529 constat,
549 4465 664 4539 quam
690 4464 710 4512 e
735 4437 848 4537 regni
875 4431 1061 4509 divisone
1088 4427 1630 4507 1111111111111111111111111.
1659 4437 1765 4530 Quae
1782 4437 1939 4531 quidem
1948 4433 2028 4504 vita
2039 4434 2117 4533 pri.

368 4586 455 4644 vata
482 4557 571 4665 quo'
586 4553 884 4661 ignominiofior
908 4551 1174 4653 merovingis,
1209 4573 1256 4625 eo
1281 4547 1529 4646 periculosior
1564 4567 1646 4626 erat
1678 4550 1867 4628 civitati.-
1904 4551 2118 4630 Fatendum
