4590 5364
1050 226 1410 337 —as'—

301 486 305 497 ·
352 475 388 540 11
427 460 639 539 moliendas
678 460 860 532 excitaret
869 448 917 547 8)
979 454 1093 528 Licet
1126 452 1254 555 igitur
1282 455 1338 529 ita
1372 453 1504 530 Maior
1530 453 1669 531 domus
1704 457 1806 556 apud
1843 480 1971 562 regem
2007 462 2110 536 haud

354 588 537 659 ultimum
565 576 768 654 obtinuisse
793 574 947 651 videtur
980 574 1135 681 locum,
1187 573 1416 673 neutiquam
1452 591 1582 648 tamen
1617 601 1705 650 eum
1731 577 1816 651 ab
1804 580 1924 654 mitio
1951 578 2110 678 quidem
2215 630 2226 645 ι

251 754 256 765 ·
354 704 507 791 intimis
534 701 633 798 regis
661 694 830 772 consiliis
857 689 1069 767 intermisse
1097 694 1351 779 contendam,
1406 695 1513 791 quod
1538 718 1616 792 quo
1642 695 1772 770 verius
1796 694 1948 771 sortasse
1974 694 2036 782 esi,
2064 721 2109 770 eo
2169 757 2172 762 .

353 822 476 922 magis
503 819 688 903 Ludenii,
725 820 772 891 V.
812 818 874 902 0.,
920 810 1111 884 sententia
1152 804 1413 885 confirmatur
1478 819 1579 886 Nam
1602 810 1632 885 fi
1656 814 1787 887 Maior
1813 816 1974 906 domus,
2016 813 2112 890 Fisci

354 939 586 1040 praefectus,
631 935 712 1033 regi
746 932 801 1004 ita
837 910 1122 1026 quodammodo
1160 928 1207 1002 ab
1242 927 1331 1026 ipsis
1358 932 1513 1004 Francis
1539 929 1734 1028 oppositus
1760 931 1899 1015 fuerit,
1938 951 1984 1006 ut
2009 932 2113 1032 regis
2214 986 2235 999 „

355 1081 472 1133 terrae
500 1082 547 1128 ex
573 1053 679 1126 Fisco
707 1049 778 1124 fibi
804 1047 1058 1126 vindicandae
1086 1040 1339 1144 cupiditatem
1365 1066 1562 1138 coerceret,
1588 1052 1802 1124 naturalem
1829 1051 2064 1150 quandam
2049 1074 2113 1124 m·
2234 1060 2238 1065 '

355 1200 420 1251 ter
439 1193 648 1270 utrumque
674 1167 783 1244 fuisse
811 1165 1114 1266 oppositionem,
1141 1167 1230 1240 satis
1257 1183 1373 1263 patet.
1426 1169 1559 1240 Potius
1582 1168 1761 1265 persaepe
1787 1170 1853 1243 alii
1879 1193 2113 1245 commemo·

258 1328 262 1333 ·
359 1314 512 1378 rantur,
549 1289 687 1388 quiin
715 1290 860 1361 summa
888 1286 990 1385 regis
1018 1285 1282 1360 familiaritate
1307 1284 1518 1372 versantes,
1553 1284 1784 1359 intimorum
1809 1289 1909 1385 regis
1937 1284 2114 1360 confilio-

354 1438 440 1493 rum
466 1409 670 1507 participes
698 1390 808 1480 fuisse
842 1404 1037 1480 videntur.
1096 1410 1156 1478 Ita
1188 1399 1417 1477 Asteriolum
1442 1421 1481 1477 et
1509 1405 1775 1482 Secundinum
1808 1405 1910 1502 apud
1936 1405 2119 1479 theodo-

354 1537 506 1605 bertum
531 1534 562 1614 1,
590 1548 719 1627 regem
738 1519 917 1612 Austriae,
944 1523 1197 1621 praecipuum
1223 1521 1414 1614 amicitiae
1438 1523 1572 1594 locum
1597 1518 1766 1610 tenuisse,
1796 1525 2000 1623 Gregorius
2026 1546 2115 1595 nar·

276 1678 280 1683 ·
356 1640 483 1740 rat⁶)3
520 1647 575 1718 ita
614 1645 761 1719 Aetheo
789 1647 1054 1732 Guntramnus
1079 1667 1149 1714 rex
1183 1657 1332 1712 tantam
1357 1638 1492 1712 habuit
1517 1637 1649 1729 fidem,
1688 1658 1734 1713 ut
1760 1644 1890 1716 omnia
1917 1642 1954 1714 ei
1980 1663 2115 1716 arcana

357 1767 596 1843 committere
621 1786 705 1836 non
732 1758 925 1831 dubitaret
941 1755 1000 1849 ⁷)3
1015 1759 1082 1831 ιιι
1094 1757 1270 1833 Ferulfus
1292 1756 1546 1832 aChlothario
1567 1760 1605 1828 II
1630 1759 1761 1831 omnia
1787 1759 1928 1857 regalia
1954 1760 2113 1857 negotia

277 1944 284 1955 .
357 1885 598 1981 „explicare“
625 1869 851 1967 iubetur⁸3)
877 1875 931 1946 ita
959 1875 1095 1973 eodem
1107 1872 1329 1946 chlothario
1355 1886 1539 1969 regnante
1556 1870 1604 1945 ad
1622 1873 1812 1963 Audoeni,
1839 1875 2114 1964 Referendarii,

323 2018 328 2025 '
358 2020 526 2091 „nutum
553 1997 684 2071 omnia
709 1992 880 2092 palatina
905 1980 1091 2091 negotia“
1118 1987 1215 2091 gesta
1241 1985 1351 2066 fuisse
1376 1982 1624 2080 dicuntur⁹)3
1661 2008 1699 2064 et
1735 1993 1886 2065 hunc
1874 2019 1919 2065 ιιι
1953 1992 2116 2068 modum

357 2121 473 2195 multi
501 2117 581 2203 alii,
610 2114 686 2189 five
712 2112 860 2203 fuerint
879 2110 1124 2197 Cubicularsi,
1151 2105 1511 2195 siveReferendarii,
1537 2104 1612 2181 five
1632 2107 1821 2206 Episcopi,
1842 2106 1972 2209 passim
1989 2112 2118 2187 nomi·

356 2257 517 2323 uantur,
543 2235 613 2332 qui
637 2233 735 2332 Regi
759 2234 887 2305 multo
918 2228 1124 2326 propiores
1151 2223 1263 2300 fuisse
1297 2226 1499 2314 videntur,
1537 2249 1653 2323 quam
1677 2229 1806 2319 Maior
1832 2230 1981 2307 domus.
2034 2237 2117 2306 Nec
2200 2300 2204 2311 ,

354 2364 478 2459 Aega,
504 2350 705 2452 postquam
732 2340 977 2451 Dagobertus
1006 2372 1053 2420 eat
1079 2342 1227 2420 Auslria
1253 2342 1297 2417 in
1322 2340 1535 2421 Neustriam
1559 2343 1597 2419 se
1623 2346 1808 2435 contulit,
1827 2343 1962 2422 'statim
1986 2349 2118 2423 Maior
2191 2354 2195 2359 ’

361 2480 502 2552 domus
541 2469 697 2545 effectus
732 2465 803 2555 esi,
839 2468 904 2541 sed
935 2474 1122 2553 erat,·.ut
1151 2464 1261 2537 aiunt
1285 2462 1512 2561 scriptores,
1529 2486 1647 2552 non,
1673 2462 1745 2540 nisi
1771 2461 1931 2541 rffiduus
1949 2464 2117 2544 consilio

360 2590 573 2696 Dagoberti
588 2585 662 2681 ι8);’
699 2611 777 2685 quo
805 2583 991 2658 defuncto
1018 2583 1196 2666 demum,
1234 2579 1402 2676 Aegoni,
1439 2583 1612 2676 quamvis
1646 2604 1731 2655 non
1769 2610 1791 2656 a
1819 2576 2118 2683 ·1endibusipsis

361 2719 523 2795 electus,
570 2707 633 2778 sed
670 2728 691 2775 a
730 2703 813 2775 solo
851 2723 940 2798 rege
975 2697 1211 2787 moribundo
1239 2696 1287 2768 ad
1311 2718 1475 2794 regnum
1500 2713 1539 2770 et
1563 2698 1751 2793 palatium
1776 2699 2120 2781 administrandum

362 2828 490 2907 suisset
518 2818 746 2897 constitutus
759 2814 832 2927 ¹²),
872 2815 1036 2891 Maioris
1073 2815 1211 2889 domus
1237 2837 1384 2888 nomen
1410 2829 1541 2890 tamen
1566 2815 1752 2890 tribuitur
1764 2809 1827 2909 ιβ).
1880 2820 1966 2892 Ριιι
1999 2821 2121 2897 modo

325 3030 330 3037 ,
363 2956 415 3024 St.
443 2939 729 3041 Leodegarium
753 2961 837 3010 non
864 2935 953 3009 satis
979 2951 1080 3010 recte
1096 2933 1289 3009 Maiorem
1305 2930 1444 3008 domus
1469 2936 1533 3009 vel
1556 2936 1759 3010 Rectorem
1782 2937 1920 3011 Ριιιιιι
1931 2928 1981 3031 ¹³)
2008 2935 2119 3015 fiiisl'e
2234 2980 2241 2993 -

358 3066 609 3141 nominatum
635 3048 882 3132 vehementer
906 3054 1137 3152 putaverim.
1178 3057 1382 3150 Nusquam
1409 3052 1520 3127 enim
1543 3053 1589 3126 de
1611 3050 1730 3149 ipsius
1756 3056 1957 3144 electione,
1983 3059 2048 3135 vel
2072 3044 2121 3131 de

361 3187 433 3271 iis,
462 3205 558 3281 quae
584 3176 715 3251 Maior
741 3175 880 3248 domus
907 3172 1048 3274 egerit,
1075 3169 1285 3270 quidquam
1298 3169 1530 3258 invenitur,
1558 3168 1621 3245 sed
1645 3182 1803 3270 propter
1829 3175 2011 3267 eximiam
2037 3180 2118 3275 pie.

362 3325 481 3378 tatem
519 3315 559 3373 et
595 3292 747 3368 consilii
783 3287 1048 3390 praestantiam
1081 3290 1126 3362 in
1152 3288 1252 3388 regis
1284 3287 1434 3365 Palatio
1467 3288 1660 3378 versatus,
1687 3290 1743 3365 ita
1778 3293 1911 3368 adres
1937 3298 2120 3394 gerendas
2244 3370 2250 3382 ,

361 3417 517 3497 saluisse
551 3410 725 3505 videtur,
766 3428 812 3482 ut
845 3409 1003 3504 seriores
1029 3407 1192 3485 Maioris
1219 3404 1357 3480 domus
1391 3405 1581 3482 honorem
1606 3409 1642 3481 ei
1666 3408 1833 3484 tribuere
1858 3435 1942 3486 non
1969 3411 2140 3489 dubita·-

361 3558 459 3615 rent
488 3571 541 3599 ‹-
592 3537 652 3604 Ex
677 3555 756 3628 quo
782 3551 900 3614 vero,
938 3544 984 3599 ut
997 3526 1056 3598 ,ad
1082 3521 1321 3621 propositum
1346 3541 1600 3612 revertamur,
1637 3527 1701 3599 vel
1725 3552 1860 3627 regum
1885 3529 2117 3620 educatores,

363 3679 478 3754 atque
503 3669 651 3724 tutores
678 3647 847 3722 Maiores
874 3643 1014 3719 domus
1041 3640 1294 3741 eligebantur,
1319 3644 1383 3719 vel
1410 3641 1526 3715 etiam
1542 3643 1709 3719 Maiores
1730 3646 1868 3725 domus
1893 3647 2005 3725 simul
2031 3660 2143 3725 c'unr'
2224 3718 2231 3731 ,

362 3784 438 3850 hoc
475 3793 632 3845 munere
667 3791 773 3866 reges
811 3761 982 3839 infantes
1020 3760 1238 3835 educandos
1264 3758 1543 3857 suscipiebant,
1578 3761 1653 3839 alia
1677 3759 1757 3837 fine
1783 3763 1901 3840 dubio
1927 3766 2121 3869 Maiorem

364 3897 503 3969 domus
530 3889 633 3961 inter
657 3901 697 3958 et
722 3906 854 3982 regem
878 3903 997 3987 eaque
1024 3880 1164 3959 certior
1188 3872 1470 3955 necessitudinis
1496 3879 1596 3955 ratio
1620 3858 1828 3981 oriebatur.
1894 3886 2038 3982 Quod·
2035 3888 2122 3985 qui·
2155 3882 2182 3897 '⁸

366 4013 453 4086 dem
487 4004 693 4105 praecipue
722 4002 814 4075 iude
848 4016 1072 4096 atempore
1103 3995 1262 4092 Pippini
1294 4000 1334 4082 t,
1371 3995 1438 4071 cui
1470 3994 1583 4075 simul
1607 4016 1697 4073 tum
1721 3999 1901 4088 Amulio,
1927 4004 2121 4103 Episcopo

365 4124 557 4211 Mettensi,
583 4120 828 4221 Dagobertus
855 4124 875 4191 1
901 4116 1120 4191 educandus
1147 4131 1187 4188 et
1210 4098 1464 4216 instituendus
1488 4113 1811 4205 merceantur,
1837 4115 1985 4194 sactum
2010 4118 2122 4196 fuisse

368 4243 513 4324 constat
527 4233 591 4335 ²⁴).
653 4239 758 4312 Hinc
793 4234 937 4314 scilicet
975 4253 1077 4309 ortas
1112 4248 1209 4330 puto
1236 4231 1403 4329 Pippino
1442 4230 1626 4309 desemcto
1663 4235 1875 4311 Grimoaldi
1900 4254 1938 4311 et
1964 4240 2120 4315 ottonis
2155 4286 2163 4301 -

366 4369 412 4440 de
451 4361 615 4437 Maioris
651 4356 790 4431 domus
825 4377 985 4429 munere
1021 4350 1315 4440 contentiones,
1354 4349 1499 4450 quippe
1530 4376 1619 4430 cum
1643 4353 1737 4428 Otto
1765 4352 1965 4454 sigiberti,
1991 4361 2120 4457 Dago»

367 4484 502 4560 bertil
529 4477 612 4564 filii,
639 4476 843 4564 „baiolus“
871 4474 935 4551 seu
961 4470 1141 4551 educator
1167 4465 1304 4558 suisset,
1332 4483 1371 4546 et
1395 4468 1493 4548 hanc
1517 4462 1752 4567 paulinum
1785 4473 1836 4549 ob
1863 4472 2013 4555 causam
2035 4479 2121 4551 Ma·
