4590 5364
1137 266 1470 336 -.3-

434 451 522 528 satis
550 441 705 538 confi'at,
730 444 835 545 quod
861 441 1116 538 extorribus,
1145 472 1240 547 quae
1265 430 1387 526 fuerit
1409 426 1599 550 primast
1623 480 1711 530 vera
1728 458 1890 550 Maioris
1913 459 2055 540 domus
2082 442 2177 543 cori·
2205 522 2210 530 -

423 572 558 658 ⁸ditio,
580 584 646 642 aut
671 591 767 665 quae
792 561 1084 655 administrarit,
1120 585 1187 640 aut
1213 595 1290 666 quo
1315 596 1473 646 munere
1499 577 1553 648 ab·
1571 575 1686 649 initio
1713 577 1870 677 quidem
1895 581 2071 671 funcnrs,
2108 600 2177 659 aut

435 693 573 790 quibus
598 684 806 783 praefectus
833 682 971 773 fuerit,
987 703 1064 761 aut
1089 711 1185 782 quae
1210 689 1342 779 locum
1366 691 1542 765 habuerit
1564 718 1656 783 erun
1681 695 1783 767 inter
1809 717 1846 769 et
1869 699 1999 772 leudes
2026 699 2176 776 neceffi·

291 813 301 822 “
344 846 350 855 ·
434 812 553 893 tudo,
590 823 656 879 aut
681 828 777 900 quae
803 803 838 874 ei
864 802 1015 878 admilla
1042 829 1131 877 cum
1156 828 1265 904 rege,
1293 825 1358 878 aut
1384 811 1549 906 quando,
1566 829 1642 884 aut
1659 837 1689 884 a
1715 814 1854 948 quibus
1878 817 2030 919 primus
2057 818 2176 892 sumit
2239 833 2257 857 “·

292 966 314 1018 g
383 924 385 929 ’
433 928 562 1002 Maior
588 925 727 1010 domus
753 921 817 992 vel
843 917 1070 995 cdnstitutus
1095 926 1158 997 vel
1183 949 1274 999 vero
1301 926 1415 998 etiam
1441 929 1603 1016 electus,
1627 931 1795 1003 maxima
1821 933 1909 1004 sane
1934 935 2024 1006 inde
2052 935 2176 1010 oritur
2261 950 2268 968 ⁸

433 1040 653 1127 difficultas,
681 1040 785 1135 quod
810 1037 857 1110 'de
883 1039 943 1112 his
970 1040 1153 1116 omnibus
1180 1068 1227 1114 ex
1251 1043 1429 1116 fontibus
1455 1047 1522 1119 vix
1549 1071 1591 1119 ac
1615 1074 1665 1127 ne
1689 1050 1757 1120 vix
1783 1050 1938 1146 quidem
1965 1053 2187 1148 quidquam,

433 1159 606 1238 divinare
631 1155 836 1256 possumus.
887 1164 988 1229 Nam
1013 1177 1098 1231 tum
1124 1159 1279 1240 demum
1302 1163 1499 1236 Maiorum
1535 1164 1672 1238 domus
1697 1190 1906 1263 eorumque
1933 1167 2190 1242 conditionis

434 1274 644 1355 accuratior
669 1293 708 1348 et
732 1276 866 1348 iterata
890 1275 936 1348 fit
959 1279 1106 1351 mentio
1132 1279 1178 1353 ιιι
1203 1280 1392 1368 fontibus,
1419 1307 1508 1354 cum
1530 1308 1667 1357 eorum
1672 1280 1890 1380 poteslas
1878 1300 1956 1359 ram
1970 1286 2058 1396 talis
2078 1304 2174 1373 erat,

435 1398 560 1496 qualis
594 1419 714 1492 paene
747 1394 852 1491 regia
888 1391 958 1467 alle
983 1396 1193 1473 videbatur.
1255 1399 1364 1472 Prius
1386 1417 1520 1475 autam
1544 1425 1696 1497 perraro
1723 1410 1874 1474 tantum
1901 1422 1939 1475 et
1962 1392 2065 1492 non,
2099 1399 2175 1479 nili

433 1499 599 1592 fortuito
618 1530 665 1585 et
688 1510 768 1584 sine
792 1513 875 1587 ullo
900 1514 1157 1588 nominantur
1182 1516 1463 1605 additamento,
1501 1543 1547 1590 ex
1574 1543 1650 1616 quo
1677 1519 1769 1593 certi
1795 1537 1833 1591 et
1858 1523 2045 1615 explorati
2079 1521 2176 1618 quid·

324 1646 332 1666 ⁶
435 1639 482 1711 de
507 1635 678 1731 ipsorum
704 1626 884 1725 potestate
909 1633 971 1729 vel
986 1632 1146 1708 honore
1179 1637 1406 1710 concludere
1436 1637 1559 1710 liceat
1587 1675 1640 1691 -
1689 1638 1741 1709 At
1763 1639 2020 1711 nominantur
2045 1657 2174 1711 tamen
2286 1620 2291 1635 ’

430 1756 511 1827 iam
543 1750 716 1854 prius
676 1748 843 1819 Maiores
871 1724 1018 1817 domus.
1043 1787 1098 1803 -
1148 1758 1244 1820 Sane
1270 1752 1515 1843 quidem.
1461 1793 1513 1806 -
1576 1753 1678 1846 Quid
1714 1753 1861 1854 igitur?
1900 1757 1994 1853 quid
2023 1757 2074 1830 da
2111 1756 2173 1828 his
2254 1736 2261 1749 ¹

433 1863 685 1943 iudicandum
710 1857 785 1934 ests
838 1861 941 1955 Quid
967 1862 1012 1933 'de
1037 1862 1297 1953 sadechifflo?
1351 1865 1454 1959 Quid
1480 1866 1525 1935 de
1549 1866 1777 1939 Waddone?
1830 1875 1932 1967 Quid
1953 1873 1999 1945 de
2016 1875 2173 1948 Floren-

434 1982 571 2060 tiano?
595 2016 648 2037 -
698 1983 794 2052 Sane
818 1977 1076 2051 nominantur
1099 1981 1141 2051 hi
1168 1982 1343 2078 quidem,
1369 1981 1423 2053 ita
1448 1997 1600 2070 tamen,
1628 1999 1672 2053 ut
1696 1999 1849 2055 tantum
1876 1986 1978 2071 absit,
2006 2006 2050 2058 ut
2076 2012 2173 2082 quae

435 2098 642 2202 Gregorius
670 2097 811 2193 aliique
838 2096 1038 2191 scriptores
1066 2100 1164 2170 de
1138 2125 1185 2170 ns
1214 2117 1537 2184 commemorant,
1567 2100 1795 2196 quidquam,
1824 2128 1901 2198 quo
1928 2103 2064 2180 clarius
2089 2128 2172 2197 per·

433 2222 575 2318 spicere
600 2209 776 2312 possimus
803 2213 967 2286 Maioris
995 2214 1132 2287 domus
1160 2216 1443 2304 conditionem,
1479 2212 1646 2304 afferant,
1674 2235 1719 2289 ut
1743 2218 1903 2292 maiores
1930 2219 2046 2290 etiam
2072 2219 2172 2291 exci-

433 2357 518 2413 tent
552 2333 699 2433 legenti
734 2350 845 2428 atque
882 2350 1064 2406 moveant
1091 2314 1361 2406 dubitationes.
1415 2334 1512 2406 lieri
1538 2334 1657 2433 igitur
1681 2360 1764 2427 non
1767 2333 1929 2433 potest,
1968 2335 2063 2431 quin
2090 2351 2173 2407 tota

433 2457 513 2532 sere
540 2456 586 2527 de
611 2452 726 2524 huius
752 2446 1007 2523 ministerialis
1034 2451 1270 2524 conditione
1281 2450 1529 2547 disputatio
1517 2478 1560 2523 m
1586 2475 1688 2524 mera
1706 2471 1857 2524 tantum
1876 2454 2092 2525 coniectura
2112 2473 2172 2523 ac·

434 2574 628 2675 quiescere
655 2568 808 2654 debeat,¹
825 2565 896 2640 nifi
922 2567 1023 2638 forte
1050 2594 1097 2638 ex
1121 2570 1183 2654 iis,
1205 2592 1305 2663 ,quae
1332 2567 1378 2638 de
1405 2567 1607 2640 serioribus
1620 2570 1833 2641 Maioribus
1851 2571 1989 2642 domus
2015 2570 2172 2641 tradunt
2225 2606 2234 2623 «

431 2693 655 2786 scriptores,
694 2684 874 2781 colligere
898 2678 1102 2780 poffimus;
1131 2707 1226 2783 quae
1251 2684 1375 2780 prima
1402 2709 1535 2757 eorum
1560 2682 1677 2757 fuerit
1703 2685 1889 2758 conditio,
1953 2694 2057 2784 Quae
2083 2690 2172 2760 cum

432 2812 486 2883 ita
522 2806 616 2891 smt,
649 2826 731 2875 non
767 2797 836 2888 est,
861 2793 978 2897 quod
1001 2800 1213 2889 miremur,
1249 2797 1525 2899 disquisitionis
1546 2801 1606 2876 ,de
1639 2801 1709 2879 hac
1743 2804 1789 2876 ad
1814 2803 2026 2881 recentiora
2051 2827 2172 2902 usqua

417 2946 607 3025 ⁸tempora
643 2921 780 2994 leviter
823 2935 978 2992 tantum
1009 2937 1233 3017 pertractata
1269 2916 1504 3016 quaestione,
1540 2921 1719 2993 nondum
1752 2919 1799 2992 ad
1831 2921 1950 2995 linem
1975 2923 2037 2996 ita
2062 2919 2172 2994 fuiss'e
2206 3010 2208 3016 Ι

433 3046 656 3143 perductas,
693 3054 763 3126 ut,
790 3062 886 3135 quae
909 3062 1033 3134 nuper
1059 3039 1105 3110 ab
1131 3035 1219 3134 ipsis
1244 3026 1463 3113 doctilsrmis
1501 3055 1540 3110 et
1564 3035 1807 3112 historiarum
1831 3036 1924 3113 sune'
1942 3034 2170 3137 peritissimis

379 3149 385 3158 ¹
431 3163 526 3238 viris
552 3154 745 3281 proposita
771 3157 878 3244 sunt,
904 3156 1131 3252 neutiquam
1155 3173 1286 3227 tamen
1311 3157 1368 3228 rei
1392 3155 1602 3232 satisfacere
1627 3157 1839 3232 videantur.
1901 3159 2054 3243 Leviter
2086 3176 2171 3231 tan·
2230 3154 2235 3161 ’

362 3346 374 3361 ,
432 3300 518 3356 tum
544 3276 646 3363 dixi,
672 3299 724 3348 ne
750 3300 831 3374 qua
851 3271 1018 3347 offendat
1034 3273 1215 3355 verbum.
1267 3280 1388 3347 Nam
1395 3273 1464 3373 qui
1489 3299 1537 3378 ex
1561 3277 1874 3363 recentioribus
1862 3284 1905 3348 ιιι
1931 3275 2171 3358 conscriben·
2210 3340 2213 3345 .

432 3401 479 3473 da
504 3415 677 3471 veterum
702 3399 934 3466 francorum
959 3387 1112 3464 historia
1138 3393 1391 3470 elaborarunt,
1417 3370 1557 3486 partim
1582 3416 1665 3465 non
1691 3390 1763 3464 nili
1788 3390 1933 3468 leviter
1943 3395 2043 3467 hanc
2059 3416 2171 3490 quae·

432 3514 595 3591 stionem
614 3504 833 3611 attigerunt,
859 3511 1014 3605 partim
1011 3534 1070 3581 ne
1088 3511 1297 3607 attigerunt
1314 3500 1526 3606 quidem².)
1542 3508 1670 3606 Quod
1687 3535 1755 3582 cur
1770 3510 1962 3584 fecerint
1949 3536 1993 3582 ιιι
2005 3528 2172 3606 promtu
2257 3550 2266 3562 ·

332 3623 338 3633 Χ
433 3634 524 3706 sunt
549 3630 689 3703 causae.
740 3622 926 3703 Hi'anint
950 3622 1249 3712 difficultatibus,
1277 3627 1415 3722 quibus
1443 3623 1606 3722 quaestio
1626 3629 1826 3724 implicata
1847 3624 1907 3708 est,
1935 3629 2171 3717 deterreban-

431 3771 515 3838 tur,
543 3749 752 3848 quominus
779 3745 995 3880 ΡοιιοιιΙιιιιι
1021 3763 1117 3817 certe
1143 3741 1332 3830 fecissent,
1370 3743 1432 3815 illi
1458 3761 1590 3818 contra
1612 3761 1852 3831 metuentes,
1890 3768 1941 3816 na
1968 3744 2169 3842 longiores

434 3871 550 3950 liant,
577 3864 606 3939 st
632 3865 724 3964 quid
749 3863 958 3937 accuratius
986 3865 1180 3936 enucleare
1203 3863 1329 3934 uelint
1354 3862 1401 3933 da
1418 3862 1496 3933 diac
1512 3887 1572 3947 re,
1599 3862 1732 3957 paucis
1759 3876 1911 3936 tautum
1935 3861 2061 3934 verbis
2088 3861 2172 3934 sen·

433 3987 594 4061 tentiam
629 3983 923 4089 proposuerunt
972 3982 1103 4076 Atqui
1135 3975 1308 4053 nostrum
1334 3976 1426 4065 erit,
1465 3979 1674 4052 accuratius
1701 3979 1894 4076 inquirere
1919 3995 1957 4049 et
1983 3995 2171 4079 quantum

436 4084 517 4178 steri
551 4098 684 4200 pollit,
723 4101 951 4212 scriptorum
983 4095 1212 4171 testimoniis
1246 4086 1503 4183 confirmare,
1528 4120 1622 4193 quae
1647 4095 1764 4170 fareris
1788 4095 1913 4191 prima
1939 4100 2170 4169 Francorum

432 4223 594 4293 Maioris
621 4219 756 4292 domus
784 4216 969 4291 conditio.
1025 4218 1139 4313 Quod
1164 4215 1389 4311 priusquam
1415 4214 1653 4300 inchoamus,
1682 4237 1779 4310 opus
1805 4209 1867 4303 est,
1893 4231 1938 4286 ut
1957 4211 2003 4286 de
2027 4234 2196 4310 propo·

321 4338 325 4348 ’
409 4336 512 4435 ⁴sitis
540 4336 676 4412 adhuc
683 4335 732 4410 de
756 4336 829 4411 hoc
855 4330 1093 4410 ministeriali
1119 4333 1332 4426 sententiis
1337 4331 1527 4431 quaedam
1556 4329 1787 4406 disserantur.
