4590 5364
967 239 1398 343 ..gg-n'

274 443 594 556 Mer'uvingorum
614 455 743 532 exitus
779 455 899 531 tuerit
932 453 1110 546 effectus,
1136 482 1244 532 nuno
1268 456 1360 533 sunt
1385 455 1621 555 aperiendae
1671 434 1840 557 Quarum
1867 462 2036 560 quidem

271 571 470 645 musarum
495 577 637 674 duplex
663 573 713 650 eii
739 602 885 677 genus;
925 602 1049 651 unum
1075 578 1181 674 quod
1206 578 1255 650 irr
1274 600 1404 650 rerum
1429 595 1467 650 et
1492 593 1713 672 temporum
1737 598 1874 654 natura
1901 601 1940 657 et
1960 608 2021 657 ra·

265 689 381 764 tione
406 691 574 789 posiumt
597 689 669 783 est,
704 691 894 784 alterum,
926 694 1030 792 quod
1056 697 1105 769 ad
1130 719 1195 768 eos
1221 696 1382 792 spectat,
1420 695 1490 792 qui
1514 694 1585 768 hac
1610 695 1690 792 ipsa
1716 713 1938 794 temporum
1963 729 2021 777 ra·

270 801 380 882 tione
414 809 535 885 adiuti
556 810 854 910 quodammodo
881 815 1202 914 Merovingorum
1228 813 1430 886 interitum
1455 815 1596 909 partim
1623 837 1907 911 praepararunt,
1936 839 2021 917 par·
2070 815 2076 825 ’
2110 840 2118 853 “

156 971 176 1005 .·
271 925 346 998 tim
371 930 487 1003 etiam
511 949 763 1008 maturarunt.
817 933 877 1006 Ad
913 934 1085 1030 primum
1120 932 1243 1032 igitur
1258 933 1456 1029 pertinere
1482 932 1635 1005 videtur
1659 934 1760 1032 regis
1787 940 2022 1013 Francorum
2116 988 2154 1029 ,-

270 1047 597 1148 Merovingorum
617 1069 737 1125 aetate
763 1052 951 1139 conditio,
980 1054 1026 1125 de
1053 1077 1127 1149 qua
1156 1076 1274 1147 pauca
1301 1050 1491 1146 exponere
1516 1074 1600 1122 non
1627 1037 1798 1125 alienum
1824 1054 1944 1128 erite
1970 1080 2021 1130 re

270 1168 355 1260 Qua
381 1163 427 1238 da
453 1167 730 1243 conditionesi
764 1195 1010 1268 quaeramus,
1045 1170 1225 1266 duplex
1214 1187 1354 1243 iterum
1380 1170 1505 1241 oritur
1530 1166 1718 1265 quaestio,
1762 1181 1950 1270 quaenam
1976 1173 2022 1248 ab

121 1372 125 1385 1
208 1356 221 1373 κ
270 1279 388 1355 initio
415 1287 513 1386 regis
540 1292 773 1362 Francorum
798 1289 916 1364 fuerit
942 1290 1143 1376 conditio}
1181 1307 1232 1362 et'
1256 1314 1333 1385 quo
1360 1290 1478 1360 modo
1506 1287 1640 1362 sensim
1674 1287 1883 1388 senfimque
1916 1314 2022 1366 com·
2142 1278 2144 1287 ⁸

217 1426 220 1432 ⁵
269 1417 415 1475 mutata
440 1402 496 1477 fit
548 1412 609 1479 De
634 1408 762 1503 primo
787 1435 904 1484 nemo
932 1411 1134 1506 quisquam
1160 1407 1204 1481 in
1231 1407 1413 1506 ambiguo
1439 1403 1560 1503 potest
1582 1405 1664 1496 effe,
1690 1409 1758 1506 qui
1784 1407 1831 1481 de
1856 1413 2019 1484 Franco·
2071 1398 2074 1403 ’

270 1541 360 1591 rum
394 1524 544 1623 origine
578 1550 707 1599 veram
742 1527 812 1601 srbi
847 1547 886 1601 et
917 1530 1180 1623 incorruptam
1215 1526 1371 1600 finxerit
1409 1525 1646 1599 sententiam.
1702 1528 1886 1624 Quamvis
1914 1529 2022 1602 enim
2060 1546 2064 1552 '

271 1634 415 1712 veteres
440 1639 616 1718 hisloriae
641 1652 874 1719 Francorum
911 1647 1131 1744 scriptores,
1167 1647 1292 1743 gentis
1319 1647 1483 1744 gloriam
1510 1645 1671 1740 originis
1698 1661 1737 1716 et
1760 1642 1944 1719 vetustata
1983 1665 2021 1722 et

271 1756 442 1831 claritate
477 1765 609 1860 augeri
643 1765 870 1857 opinantes,
908 1765 1117 1858 permultas
1157 1788 1292 1858 easque
1330 1760 1492 1834 diversas
1530 1759 1575 1831 de
1602 1765 1833 1832 Francorum
1868 1779 1957 1835 ortu
1984 1781 2022 1839 et
2145 1853 2156 1862 ,

270 1877 394 1970 patria
422 1877 681 1952 confinxerint
707 1881 867 1965 fabulas,
894 1880 1123 1953 recentiores
1149 1879 1278 1951 tamen
1295 1878 1365 1952 hos
1391 1900 1537 1950 errores
1563 1874 1640 1948 iam
1667 1875 1939 1981 dudumrecte
1963 1904 2021 1956 re·
2100 1958 2106 1963 ,

269 1988 460 2082 futarunt,
487 2013 526 2067 et
544 2020 648 2093 quae
671 1998 760 2069 'vera
787 1997 905 2071 fuerit
930 2003 1165 2070 Francorum
1191 1998 1302 2097 origo
1329 2015 1368 2069 et
1392 1997 1515 2093 patria
1542 1995 1695 2090 copiose
1721 2013 1760 2068 et
1785 1997 1933 2071 erudite
1959 1997 2022 2073 de·

270 2109 531 2187 monstrarunt
543 2107 589 2206 ¹).
641 2121 746 2188 Inter
773 2141 907 2190 omnes
933 2114 1055 2216 igitur
1079 2119 1157 2191 iam
1183 2117 1273 2190 satis
1300 2113 1455 2214 constat,
1484 2118 1648 2188 Francos
1672 2114 1905 2189 aveteribus
1928 2122 2023 2191 Gar·

272 2231 424 2304 maniae
450 2231 629 2331 gentibus
656 2231 799 2308 duxisse
826 2236 1028 2336 originem,
1058 2236 1162 2333 quod
1186 2235 1258 2309 nist
1284 2234 1338 2308 ita
1356 2231 1495 2319 fuisset,
1524 2231 1624 2304 haud
1651 2229 1764 2306 facile
1790 2234 1856 2306 illa
1881 2235 2023 2335 legum,

271 2344 548 2439 institutorum,
575 2376 729 2424 morum
750 2371 788 2424 et
804 2355 960 2452 linguae
987 2353 1102 2448 ipsius
1130 2348 1337 2426 similitudo
1364 2359 1403 2424 'et
1430 2348 1532 2448 quast
1559 2351 1753 2450 cognatio,
1782 2374 1898 2448 quatu
1908 2358 2023 2428 Fran·

212 2556 216 2561 .
272 2469 328 2542 cit
362 2492 452 2541 oum
483 2470 676 2540 veteribus
704 2471 902 2540 Germanis
937 2467 1047 2540 fuiffe
1072 2493 1188 2540 nemo
1215 2470 1391 2565 negabit,
1418 2468 1602 2561 explicari
1628 2493 1799 2561 unquam
1825 2471 2025 2563 potuerit?

271 2589 407 2680 Itaque
432 2607 538 2682 reges
553 2590 785 2657 Francorum
807 2586 853 2656 ab
873 2585 989 2659 initio
1016 2583 1172 2682 quidem
1197 2583 1275 2657 fine
1301 2583 1421 2676 dubio
1447 2609 1544 2685 non,
1568 2581 1640 2656 nisi
1666 2586 1759 2656 tales
1787 2603 1904 2673 erant,
1933 2613 2024 2684 qua·

274 2700 476 2776 tes1u1ius
504 2701 872 2776 Caesaretcornel.
899 2705 1055 2777 Tacitus
1090 2720 1262 2776 veterum
1299 2707 1579 2776 Germanorum
1612 2701 1809 2798 principes
1845 2720 1883 2775 et
1917 2728 2024 2806 reget

273 2816 384 2898 fuisse
410 2817 664 2908 tradiderunt,
693 2823 897 2894 comitatus
924 2819 1037 2895 duces
1065 2839 1102 2893 et
1127 2839 1310 2906 rectoreS,
1339 2819 1426 2917 qui,
1456 2819 1606 2915 quoties
1633 2818 1917 2916 expeditionem
1945 2820 2024 2898 sus·

273 2957 429 3037 ceptum
455 2935 542 3010 esset
567 2962 661 3039 gens
688 2941 873 3036 quaedam
885 2945 1175 3026 Germanorum,
1201 2942 1265 3013 vel
1291 2950 1338 3011 e'x
1366 2940 1554 3010 comitum
1579 2961 1743 3011 numero
1771 2938 2022 3036 eligebantur,
2123 2932 2125 2936 ’

272 3059 338 3132 vel
356 3055 393 3130 se
409 3057 513 3154 ipsos
531 3056 643 3131 duces
669 3056 772 3144 fore,
792 3055 905 3154 siqui
933 3053 1039 3154 sequi
1057 3058 1214 3144 vellent,
1236 3057 1564 3155 profitebantur,
1554 3075 1627 3142 rta,
1655 3072 1699 3127 ut
1726 3057 1836 3128 suum
1865 3059 2026 3156 quisque

230 3264 237 3274 ⁴
275 3176 481 3250 comitatus
508 3173 642 3249 ducem
667 3200 751 3249 non
779 3193 932 3250 coactus
953 3177 1185 3272 sequeretur,
1214 3175 1275 3246 sed
1295 3175 1384 3271 quia
1411 3193 1450 3247 et
1475 3174 1624 3246 causam
1650 3189 1688 3244 et
1713 3175 1911 3248 hominem
1937 3200 2026 3271 pro·

271 3294 446 3379 bavent,
484 3312 528 3366 ut
553 3295 608 3369 ait
643 3294 790 3382 Caesar,
826 3320 969 3391 neque,
1004 3293 1076 3368 nisi
1103 3294 1198 3366 duce
1223 3295 1391 3391 quodam
1416 3310 1454 3366 et
1479 3309 1636 3376 rectore,
1664 3291 1857 3387 expeditio
1885 3290 2025 3390 suscipi

277 3407 409 3508 potest.
437 3415 441 3423 “
473 3400 597 3510 Quam
630 3438 765 3487 verum
792 3415 913 3514 igitur
939 3412 1002 3495 sit,
1026 3415 1146 3510 *quod
1172 3414 1329 3486 Tacitus
1356 3414 1402 3485 de
1428 3410 1583 3509 regibus
1610 3416 1889 3482 Germanorum
1914 3407 2027 3498 dixit,
2101 3408 2104 3413 ’
2134 3444 2138 3449 ’

277 3532 327 3604 iis
352 3520 547 3604 infinitam
570 3549 636 3604 aut
659 3534 820 3605 liberam
846 3528 1069 3629 potestatem
1094 3556 1177 3606 non
1203 3528 1333 3618 fuisse,
1362 3556 1409 3603 ex
1435 3530 1515 3627 ipsa
1542 3533 1748 3602 comitatus
1773 3545 1912 3601 natura
1939 3527 2028 3601 satis

276 3667 432 3746 apparet
442 3642 498 3740 2);
537 3666 575 3721 et
599 3651 723 3745 ipsrun
748 3675 894 3751 nomeu
921 3676 1054 3750 regum
1080 3650 1241 3723 ducibus
1270 3654 1545 3723 Germanorum
1572 3649 1729 3719 Tacitus
1754 3642 1906 3719 fortasse
1940 3669 2030 3741 pro-

277 3785 403 3862 pterea
429 3772 583 3840 tantum
609 3767 779 3840 tribuisse
804 3768 977 3855 videtur,
1006 3770 1134 3865 quod,
1160 3786 1308 3864 praeter
1334 3770 1430 3855 hoc,
1459 3768 1564 3839 aliud
1590 3783 1631 3858 et
1655 3763 1795 3859 aptitu,
1824 3787 1903 3862 quo
1930 3762 2030 3835 sum·

278 3905 365 3959 tuus
391 3887 626 3984 principatus
653 3884 946 3986 significaretur,
973 3910 1057 3959 non
1083 3884 1223 3960 exstare
1249 3887 1481 3983 opinaretur.
1537 3884 1651 3982 Quod
1677 3905 1771 3954 vero
1797 3884 1852 3954 ita
1887 3879 1933 3952 de
1966 3902 2031 3953 ve-
2111 3962 2116 3969 ,

200 4046 212 4058 -
277 4018 405 4075 terum
438 4010 715 4079 Germanorum
749 4003 913 4078 ducibus
946 4000 1184 4078 statuendum
1211 4001 1299 4094 est,
1319 4006 1422 4077 idem
1448 4004 1549 4074 haud
1586 4002 1686 4086 scio,
1726 4024 1774 4070 an
1812 4000 1860 4070 de
1893 3997 2031 4102 primis

280 4142 436 4220 quoque
461 4127 695 4198 Francorum
721 4125 877 4224 regibus
904 4125 1136 4196 contendere
1160 4123 1275 4198 nobis
1301 4124 1425 4195 liceat
1477 4127 1561 4193 Nec
1587 4117 1675 4191 sane
1702 4115 1838 4203 desunt
1864 4096 2033 4189 testimo·

278 4240 359 4314 nia.
424 4240 664 4316 Leibnitzius
688 4242 845 4340 quidem
871 4238 1132 4315 testimonium
1169 4266 1217 4314 ex
1249 4242 1345 4340 legis
1381 4239 1522 4314 salicae
1547 4234 1787 4333 praefatione
1812 4232 2036 4329 depromere

220 4386 235 4397 ·
274 4382 362 4441 non
398 4356 611 4444 dubitavit,
648 4365 814 4433 Francos
852 4378 970 4446 tuuc,
1009 4385 1097 4431 cum
1114 4324 1214 4431 -baec
1247 4362 1309 4431 lex
1336 4359 1492 4431 condita
1519 4355 1656 4440 fuerit,
1694 4353 1872 4426 nondum
1896 4375 2037 4451 regem,

277 4474 344 4552 ‘sed
370 4474 485 4551 duest
513 4490 664 4575 ttptum
690 4473 876 4563 habuisse,
905 4479 1048 4579 quippe
1085 4501 1173 4552 cum
1198 4477 1242 4549 in
1268 4476 1338 4547 bac
1364 4470 1602 4572 praefatione
1626 4470 1775 4546 nullius
1800 4472 1901 4572 regia
1927 4469 2035 4546 lieret

1589 4611 1621 4683 G
1648 4629 1671 4682 a
