4590 5364
916 311 971 348 ι-
1082 311 1129 409 pp
1233 327 1285 367 ..ρ

223 503 406 607 permulti
433 500 577 600 partim
601 497 766 574 Ebroini
789 497 996 575 insolentia
1023 495 1226 595 perterriti,
1250 497 1393 596 partim
1420 497 1502 574 eius
1527 501 1704 577 audaciae
1723 502 1759 580 se
1777 528 1972 606 opponere

222 648 305 711 non
334 620 537 708 audentes,
571 614 829 721 industriam
853 617 1107 716 confugerent
1132 635 1170 690 et
1194 614 1354 714 Pippini
1379 619 1520 692 tutelae
1547 621 1653 693 suam
1677 624 1849 721 ipsorum
1875 630 1985 703 salu·

222 760 301 828 tem
337 741 620 825 committerent
654 755 766 835 atque
800 736 1113 811 commendarent
1125 729 1173 827 ⁹).
1234 741 1281 809 In
1319 754 1426 809 tanto
1462 764 1552 813 vero
1590 765 1717 814 rerum
1751 746 1972 822 discrimine

152 946 159 957 ³
222 856 536 961 opportunillima
563 858 650 932 sane
676 856 806 951 euenit
822 855 986 952 Eppoini
1013 853 1176 947 caedes„
1203 859 1260 927 Ita
1287 855 1392 927 enim
1418 854 1518 951 sinis·
1535 860 1817 953 quodammodo
1844 867 1970 963 impo-

223 979 386 1055 n'ebatur
414 975 716 1077 perturbationi,
731 992 903 1075 auctore
924 974 1067 1047 scilicet
1092 972 1390 1071 perturbationis
1417 974 1502 1070 ipso
1529 975 1652 1052 sinito.
1703 985 1761 1068 Is,
1799 985 1866 1078 qui
1892 1010 1971 1059 cae.

222 1098 309 1197 dem
332 1113 622 1197 perpetraverat,
651 1118 673 1169 a
699 1093 880 1190 Pippino,
906 1117 989 1181 non
1015 1091 1154 1191 flagitii
1169 1090 1295 1188 ,ipsus
1324 1091 1425 1190 quasr
1452 1092 1648 1169 defensore
1676 1114 1713 1168 et
1737 1115 1875 1188 tutore,
1910 1105 1971 1178 sed

223 1214 416 1288 causarum
444 1215 499 1288 rei
525 1233 563 1288 et
589 1212 786 1312 gravitatis
812 1211 962 1309 optimo
991 1206 1233 1300 aestimatore,
1260 1211 1426 1310 benigne
1453 1212 1710 1309 excipiebatur
1723 1211 1786 1308 ¹⁰).
1823 1225 1971 1317 Quanta

220 1358 310 1419 yero
337 1334 498 1431 Pippini
522 1333 566 1405 in
592 1333 704 1405 rebus
730 1328 892 1405 adversis
919 1329 1044 1404 fuerat
1069 1328 1259 1437 fortitudo
1298 1346 1410 1428 atque
1449 1326 1680 1422 constantia,
1719 1351 1826 1408 tanta
1864 1364 1971 1413 nunc
2010 1403 2017 1420 ,

221 1451 396 1535 eiusdem
423 1451 605 1551 inurebus
631 1450 829 1547 prosperis⁴
847 1467 926 1523 erat
951 1448 1156 1544 prudentia
1183 1467 1295 1546 atque
1316 1450 1542 1538 moderatio.
1594 1458 1694 1527 Nam
1721 1464 1809 1527 cum
1833 1457 1877 1543 ii,
1904 1461 1972 1553 qui

220 1596 270 1655 ex·
292 1566 465 1667 Neustria
479 1571 537 1667 ‘ad
562 1569 775 1667 sippinum
798 1568 1080 1668 coniugerant,
1118 1567 1319 1642 interfecto
1345 1568 1526 1657 ‘Ebroino
1560 1570 1857 1667 intemperanter
1882 1576 1970 1672 Pip.

222 1690 361 1785 pinum
397 1688 443 1762 ad
478 1685 714 1760 ulciscendas
754 1678 1038 1758 aTsreodorico
1066 1683 1137 1773 sibi
1161 1688 1291 1773 allatas
1317 1685 1477 1761 iniurias
1504 1687 1644 1757 iterum
1669 1689 1882 1787 iterumque
1909 1719 1971 1766 ex.

219 1808 392 1891 citarent,
419 1805 609 1901 Pippinus
636 1820 767 1877 contra
794 1804 946 1890 „sedato
974 1804 1141 1887 animo“,
1169 1821 1214 1873 ut
1241 1803 1293 1872 ait
1320 1820 1452 1873 auctor
1477 1804 1687 1903 Annalium
1708 1807 1969 1897 Mettensium,

219 1925 350 2022 potius
377 1923 560 2019 precibus·
581 1938 618 1993 et
641 1921 780 2007 verbis,
810 1944 925 2016 quam
949 1919 992 1991 vi
1018 1936 1056 1991 et
1083 1919 1197 1991 armis
1223 1908 1413 2021 laono'rem
1439 1935 1476 1991 et
1504 1944 1607 2016 opes,
1626 1944 1730 2015 -quas
1758 1923 1968 2015 amiserant,

224 2037 444 2126 Neustrasiis
463 2036 668 2117 restaurare
694 2055 732 2110 et
756 2037 953 2111 vindicare
978 2031 1148 2109 studebat
1162 2031 1225 2127 ¹¹).
1278 2037 1449 2110 Ebroino
1477 2036 1580 2110 enim
1607 2034 1770 2112 successit
1786 2048 1970 2132 Waratto,

219 2162 266 2234 de
301 2184 377 2256 quo
415 2176 555 2243 tamen,
584 2174 730 2252 praeter
756 2155 966 2228 discordias
994 2179 1082 2227 cum
1109 2154 1176 2226 suo
1204 2151 1319 2250 ipsius
1356 2154 1460 2242 silio,
1500 2153 1732 2243 Gislemaro,
1769 2183 1860 2254 quas
1887 2187 1970 2240 non

219 2298 299 2352 tarn
323 2284 496 2350 Waratto
523 2275 623 2370 ipse,
651 2297 766 2368 quam
791 2270 1155 2368 Pippinusdirtivit,
1184 2268 1383 2368 scriptores
1411 2274 1525 2368 plane
1558 2273 1682 2359 nihil,
1719 2278 1826 2370 quod
1851 2277 1970 2374 poste·

218 2396 325 2469 ritati
351 2395 582 2475 traderetur,
611 2391 773 2486 dignum
800 2405 986 2480 putarunt
1000 2381 1064 2475 ¹²).
1120 2390 1192 2459 Sed
1216 2396 1481 2461 Warattonem
1507 2414 1599 2461 mox
1638 2391 1786 2466 secutus
1813 2391 1863 2466 est
1883 2403 1970 2469 Ber·

220 2512 389 2594 tharsus,
428 2492 848 2581 morum'etaudaciae
881 2502 1051 2576 Ebroini·
1073 2504 1257 2576 aemulus.
1317 2509 1449 2598 Itaque
1482 2505 1598 2575 multi
1624 2507 1784 2593 iterum,
1825 2535 1846 2581 a
1884 2520 1970 2585 Ber·

220 2627 345 2702 thario
370 2626 487 2711 nimis
514 2622 664 2708 vexati,
692 2621 739 2693 ad
764 2619 977 2716 Pippinum
1012 2617 1260 2719 confugiunt·
1283 2643 1448 2716 eumque
1483 2619 1661 2716 precibus
1688 2624 1734 2694 ad
1760 2625 1970 2702 vindictam

123 2819 126 2827 ,
221 2745 412 2821 concitare
450 2759 636 2816 conantur
650 2730 712 2831 ¹³).
776 2737 924 2835 Quibus
960 2756 1156 2833 pemrotus
1184 2755 1221 2809 et
1246 2762 1365 2833 paene
1392 2735 1620 2837 defatigatus
1646 2740 1836 2876 Pippinus
1864 2734 1970 2819 deniss

140 2890 158 2917 1
222 2889 295 2965 que
320 2866 466 2961 legatos
493 2859 538 2930 de
565 2858 703 2953 opibus
729 2852 805 2928 fine
832 2857 912 2927 ullo
941 2855 1171 2928 detrimento
1194 2851 1430 2928 restituendis
1458 2871 1496 2927 et
1522 2856 1568 2928 de
1593 2881 1685 2954 pace
1711 2859 1752 2931 in
1779 2859 1971 2957 posterum

220 2980 476 3057 conservanda
502 2977 549 3051 ad
567 2973 852 3085 Theodoricum
877 2973 1010 3045 mittit
1051 2973 1129 3070 Qui
1156 2999 1245 3047 etun
1270 2998 1353 3047 non
1380 2989 1473 3046 tam·
1481 2974 1720 3050 Theoderico
1746 2981 1969 3067 reluctante,

220 3125 344 3201 quam
359 3095 556 3203 Berthario
583 3054 769 3169 iricitante
795 3118 834 3164 re
861 3088 1004 3165 insecta
1021 3091 1200 3176 redirent,
1229 3091 1418 3188 Pippinus
1445 3092 1591 3167 invitus
1619 3096 1733 3169 armis
1760 3097 1811 3169 id
1828 3095 1971 3172 allicere

221 3235 373 3295 coactus
407 3202 480 3302 est,
520 3211 624 3317 quod
658 3211 785 3284 verbis
821 3207 917 3283 effici
951 3234 1035 3283 non
1069 3227 1231 3307 poterat.
1254 3249 1308 3263 -
1371 3211 1550 3307 Sequitur
1586 3236 1693 3284 nunc
1727 3213 1769 3285 id
1794 3212 1972 3289 historiae

220 3336 417 3413 Maiorum
443 3330 581 3406 dontus
608 3348 783 3425 tempus,
812 3354 888 3425 quo
914 3354 996 3401 non
1022 3328 1139 3401 modo
1166 3327 1281 3400 huius
1308 3323 1561 3402 ministerialis
1599 3325 1761 3426 poteslas
1795 3332 1843 3404 ad
1869 3333 1968 3407 strnt·
2008 3324 2015 3331 ⁵

220 3478 330 3546 suum
356 3475 476 3547 usque
502 3443 695 3549 fastigium
720 3447 919 3544 pervenit,
943 3446 1007 3518 sed
1032 3447 1147 3549 etiam
1183 3440 1312 3546 gentis
1339 3445 1591 3545 Pippinianae
1616 3472 1781 3547 regnum
1806 3456 1968 3539 franco

220 3597 308 3649 rum
335 3568 537 3649 conditum
564 3584 601 3639 et
620 3560 853 3662 sempiterna
880 3565 983 3660 apud
1007 3561 1131 3665 pos
1090 3589 1172 3637 eros
1195 3564 1393 3669 gloriat
1342 3536 1393 3637 est
1418 3561 1590 3639 stabilita.
1642 3567 1837 3640 Proelium
1864 3571 1971 3643 enirn

223 3664 479 3765 Textriciense
506 3684 663 3781 Pippini
689 3666 958 3789 Heristallensrs
985 3683 1123 3759 virtuti
1148 3700 1185 3755 et
1210 3683 1482 3816 temperantiae
1520 3707 1602 3758 aere
1629 3682 1717 3758 sane
1749 3687 1967 3784 perennius,

222 3808 314 3881 dum
339 3803 629 3904 praeteritorum
655 3801 842 3873 memoria
874 3778 1041 3896 vigebit,
1080 3801 1174 3873 dum
1201 3800 1413 3896 praeconiis
1439 3801 1631 3875 maiorum
1664 3802 1836 3880 facinora
1875 3809 1967 3880 cele·

220 3924 398 4009 brentur,
425 3922 555 4023 posuit
580 3937 618 3993 et
645 3904 825 3992 stabilivit
850 3917 1159 3990 monumentum.
1212 3917 1309 3991 Satis
1343 3917 1448 3990 enim
1480 3937 1620 4017 notum
1646 3915 1718 4007 est,
1756 3922 1872 4021 quarn
1908 3925 1967 3996 in·

221 4041 325 4113 vitus
352 4059 390 4115 et
414 4045 622 4114 reluctante
650 4038 805 4123 animo,
832 4036 977 4108 iteratis
1013 4029 1147 4108 frustra
1170 4036 1275 4133 pacis
1311 4032 1558 4111 restituendae
1592 4039 1797 4136 perieulis,
1823 4040 1969 4115 bellum

125 4244 130 4253 ,
223 4158 335 4234 civile
372 4157 591 4253 susceperit,
630 4156 746 4255 quam
783 4154 940 4229 fortiter
972 4151 1109 4255 deinde
1147 4177 1338 4255 quamque
1362 4157 1571 4259 praeclare,
1608 4180 1692 4229 non
1717 4156 1825 4233 suam
1850 4157 1966 4256 ipsius

221 4276 367 4351 scilioet-
390 4258 604 4381 utilitatem,
629 4273 695 4359 sed
720 4272 887 4349 civitatis
914 4270 1075 4345 salutem
1088 4269 1277 4369 spectans,
1305 4274 1478 4349 oratione
1503 4291 1543 4345 et
1569 4276 1750 4374 exemplo.
1765 4272 1965 4353 Auslrasro·

222 4421 310 4493 rum
336 4392 492 4497 animos¹
512 4390 558 4462 ad
584 4390 768 4464 victoriae
792 4391 899 4487 spem
926 4388 1098 4473 excitarit
1125 4407 1237 4485 atque
1266 4391 1445 4476 erexerit,
1471 4416 1589 4488 quam
1615 4390 1779 4493 denique
1803 4420 1887 4487 non
1915 4416 1928 4455 t

221 4539 322 4589 mere
348 4505 671 4617 prorumpendo,x
689 4505 761 4609 sed⁸
777 4506 985 4604 prudenter
1012 4504 1229 4611 cunctando
1257 4505 1333 4605 suis
1359 4507 1581 4605 victoriam,
1618 4512 1763 4586 civitati
1792 4512 1869 4586 salu

1357 4649 1634 4737 ,Ιιι-
