4590 5364
1077 484 1088 498 ,
1190 534 1288 658 aa.

354 683 363 696 '
458 689 521 758 De
547 683 695 755 ratione
730 699 768 755 et
786 680 957 768 artibus,
982 681 1126 817 quibus
1155 681 1353 783 carolingi
1379 681 1527 762 saeculo
1561 704 1701 765 octavo
1728 649 1963 767 Francorum
1981 660 2109 794 ’regno

238 901 244 909 Ι
361 805 506 878 fuerint
530 803 669 899 potiti,
706 799 933 934 exposituri,
973 800 1094 873 nimia
1122 798 1321 900 fortassee
1348 803 1542 899 proposito
1569 797 1740 883 aberrare
1764 811 1963 899 videmur,
2009 810 2112 920 side

359 923 681 1031 Merovingorum
716 919 868 1044 origine
906 943 1113 1015 eorumque
1146 921 1345 1019 regiminis
1371 923 1595 1020 primordiis
1621 951 1739 1024 pauca
1772 952 2019 1025 praemonere
2046 952 2112 1002 co·

208 1125 219 1137 Ι
282 1107 285 1111 .
359 1066 509 1115 namur.
570 1040 696 1135 Atque
731 1056 770 1109 re
803 1050 891 1110 vera
926 1039 1124 1136 longiores
1160 1041 1315 1135 quidem
1350 1059 1387 1114 et
1423 1040 1651 1139 copiosiores
1688 1047 1734 1120 de
1767 1047 1849 1120 bac
1863 1040 2003 1142 perse
2021 1047 2109 1123 satit

180 1190 183 1197 ·
312 1231 314 1234 ,
358 1159 469 1266 gravi
507 1175 545 1230 et
583 1158 706 1254 ampla
727 1181 766 1228 re
793 1155 1077 1253 disquisrtiouea
1104 1153 1321 1247 instituere,
1365 1176 1405 1232 et
1441 1164 1782 1240 commentationis
1814 1163 2113 1254 consiliumet
2159 1208 2161 1213 .

235 1321 243 1332 -
359 1276 544 1374 temporis
570 1274 756 1362 brevitas,
785 1274 879 1348 adde
906 1275 1022 1348 etiam
1053 1276 1198 1348 virium
1223 1279 1390 1353 tenuitas
1416 1280 1637 1378 prohibent
1689 1278 1755 1356 Est
1776 1306 1870 1375 vero
1896 1281 2039 1379 duplex
2065 1281 2112 1355 de

215 1442 220 1471 t
287 1419 289 1426 ⁴
357 1393 613 1493 Merovingir
640 1391 825 1492 quaestio,
866 1419 1006 1491 quarn,
1045 1419 1095 1466 ne
1120 1395 1239 1469 nimis
1269 1408 1404 1471 manca
1431 1415 1470 1471 et
1495 1397 1720 1496 imperfecta
1746 1419 1922 1499 appareat
1947 1397 2111 1472 dissertm

359 1517 550 1599 tiuncula,
580 1511 645 1585 etsi
670 1512 856 1615 breviter,
886 1514 1071 1612 attingere
1100 1529 1199 1585 certe
1224 1514 1362 1619 ipstun,
1391 1515 1496 1614 quod
1521 1517 1624 1606 dixi,
1651 1518 1994 1593 commentationis
2022 1507 2131 1591 con-⁶

357 1635 485 1713 filium
518 1631 687 1732 flagitare
721 1604 886 1705 videtur.
948 1632 1122 1703 Primum
1156 1633 1277 1730 igitur
1314 1634 1575 1746 quaerendum
1610 1633 1682 1726 esi,
1717 1660 1795 1737 quo
1821 1637 1941 1710 modo
1968 1653 2007 1710 ιι
2032 1658 2137 1734 quo,

343 1758 441 1828 ‘iure
468 1774 560 1851 gens
586 1749 886 1845 Merovingiana
905 1749 951 1819 ad
977 1775 1139 1847 regnum
1160 1753 1401 1846 pervenerit3
1428 1739 1568 1826 deinde
1587 1771 1720 1828 utrum
1741 1755 1854 1828 certia
1879 1753 2112 1853 quibusdem

356 1868 546 1968 praesidiis
565 1867 989 1976 haeoMerovingorum
1005 1867 1142 1964 regalis
1169 1862 1331 1961 potestas
1357 1866 1474 1938 fuerit
1500 1843 1662 1955 munita,
1690 1896 1763 1946 nec
1787 1886 1849 1946 ne.
1901 1877 2003 1944 Nom
2019 1893 2154 1943 oum

359 1979 404 2061 ab
432 1985 548 2059 initio
551 1982 757 2088 quidem,
784 1981 835 2071 id,
868 1982 990 2079 quod
998 2006 1046 2054 ex
1048 1924 1330 2080 ”superioribus
1357 1983 1448 2058 satie
1473 2002 1592 2083 patet,
1619 2010 1725 2087 reges
1750 1992 1838 2062 vel
1829 1990 1972 2085 potina
1998 1968 2126 2105 ducet

356 2082 589 2182 Francorum
614 2103 734 2175 libera
759 2100 899 2198 Populi
927 2102 1113 2174 electione
1141 2121 1376 2204 crearentur,
1404 2103 1728 2180 haud1mmerito
1755 2107 1918 2204 quiaque
1944 2109 2174 2204 quaeret,

305 2278 308 2285 .
353 2218 554 2322 quomodo
583 2221 728 2292 factum
760 2218 825 2307 ιιι,
862 2237 908 2290 ut
933 2243 1010 2291 una
1048 2221 1372 2329 Merovingorum
1404 2245 1498 2320 gens
1524 2225 1697 2327 regalem
1712 2222 1782 2296 fibi
1809 2222 1996 2322 tanquam
2021 2246 2112 2320 pro·
2231 2287 2235 2293 .

302 2428 305 2438 Ι
356 2346 480 2442 priam
524 2338 731 2412 vindicarit
759 2334 994 2434 potestatem.
1047 2333 1203 2411 Exstant
1237 2320 1382 2412 diversa
1411 2338 1457 2411 de
1477 2339 1801 2440 Merovingorum
1828 2339 1980 2441 origine
2010 2339 2113 2436 apud

355 2482 501 2536 veteres
529 2475 758 2531 commenta.
812 2462 871 2529 Ex
888 2456 950 2528 iis
979 2479 1072 2527 vero
1099 2457 1145 2527 de
1173 2456 1310 2552 primia
1340 2461 1576 2529 Francorum
1601 2460 1755 2558 regibus
1779 2457 1992 2546 sententiis,
2017 2478 2112 2555 quaa
2225 2533 2230 2552 ,

351 2559 563 2679 'Gregorius
597 2576 822 2658 collocavit,
856 2597 971 2668 quam
998 2573 1137 2644 ultimo
1160 2576 1248 2643 loco
1272 2573 1424 2668 posuit,
1458 2597 1689 2670 quamquam
1714 2576 1921 2665 incertam,
1945 2576 2114 2649 maxime

353 2720 484 2770 tamen
520 2709 677 2788 propter
713 2692 812 2760 hanc
850 2687 972 2784 ipsam
1010 2687 1326 2760 incertitudinem
1364 2691 1620 2785 probaverim.
1681 2698 1783 2765 Nam
1819 2698 1910 2766 otim
1936 2694 2004 2767 alii
2028 2715 2113 2768 non
2179 2754 2186 2769 ,

353 2817 471 2888 ruodo
501 2812 719 2906 primorum
743 2829 877 2905 regum
906 2801 1079 2903 stirpem,
1107 2806 1170 2879 sed
1197 2803 1438 2906 singulorum
1463 2808 1544 2918 ipsa
1570 2809 1734 2882 nomina
1758 2805 1937 2900 afferant,
1970 2812 2114 2912 Grego-

353 2934 432 3007 rius
460 2946 592 3002 contra
618 2927 762 2997 multos
800 2920 992 2996 tradidisse
1024 2943 1172 3012 narrat,
1208 2915 1443 2999 l‘rancorum
1469 2951 1591 3026 pagoa
1623 2927 1735 3000 suum
1766 2952 1956 3029 quemque
1984 2952 2113 3030 regem

353 3050 538 3123 crinitum
564 3070 610 3117 ex
640 3044 768 3140 prima
797 3043 969 3141 ipsorum
997 3060 1035 3114 et
1056 3042 1158 3140 quast
1186 3044 1382 3120 nobiliore
1407 3041 1556 3144 elegiffe
1573 3042 1741 3135 familia,
1771 3043 1885 3144 stirpe
1903 3046 2058 3122 scilicet
2074 3063 2113 3120 et
2150 3078 2153 3083 >
2256 3072 2262 3080 ·

282 3190 292 3207 ‘
319 3258 325 3267 .
352 3166 579 3242 nominibus
608 3189 690 3236 non
721 3164 844 3236 allatis
859 3157 904 3255 ¹.)
959 3168 1101 3234 Utrum
1126 3187 1219 3237 vero
1235 3164 1315 3236 iam
1337 3181 1433 3236 tunc
1459 3184 1507 3235 ex
1531 3186 1610 3239 una
1629 3165 1854 3264 eademque
1862 3164 2009 3248 familia
2029 3186 2111 3236 om·

321 3312 421 3361 ,nea
449 3269 628 3361 omniurn
660 3276 850 3382 pagorum
871 3305 997 3379 reges,
1029 3304 1078 3352 an
1110 3282 1207 3354 alius
1227 3307 1283 3356 ex
1303 3281 1375 3355 alia
1399 3281 1547 3355 fuerint
1572 3283 1709 3370 menti,
1732 3283 1836 3357 boe
1823 3306 1867 3356 ιιι
1887 3301 2111 3357 controver-

351 3405 443 3480 siam
479 3402 613 3475 vocari
642 3391 774 3498 potest.
839 3399 942 3473 Certi
980 3397 1133 3495 aliquid
1148 3394 1319 3472 statuere
1348 3400 1395 3472 de
1429 3398 1500 3471 hac
1532 3424 1573 3472 re
1603 3399 1782 3497 equidem
1808 3399 1878 3472 vix
1902 3398 2046 3485 ausim,
2071 3415 2111 3470 et
2167 3403 2169 3409 ’
2278 3457 2287 3471 .

353 3523 528 3622 quamvis
564 3521 734 3616 primum
768 3520 923 3616 quidem
961 3517 1124 3616 cogitari
1155 3512 1284 3611 possit,
1302 3597 1305 3604 ¹
1321 3515 1425 3589 baud
1456 3514 1659 3608 verisimile
1689 3535 1820 3591 tamen
1846 3514 1917 3592 esse
1939 3519 2109 3600 videtur,

352 3645 427 3728 ita,
467 3657 512 3711 ut
548 3641 708 3710 alterum
738 3636 992 3733 praetulerim.
1046 3635 1117 3707 Sin
1152 3658 1244 3706 vero
1276 3658 1524 3729 quaeramus,
1562 3633 1772 3709 fuerintne·
1787 3637 2111 3732 Mercringorttm

284 3772 288 3778 '
350 3761 515 3836 maiores
542 3774 594 3849 ‚et
633 3755 770 3853 proavi
812 3779 860 3827 ex
891 3754 1080 3827 nobiliori
1108 3754 1174 3825 illa
1207 3751 1379 3839 familia,
1418 3751 1515 3840 boc,
1557 3769 1677 3850 puto,
1710 3755 1778 3828 vix
1814 3751 1948 3851 negari
1977 3744 2110 3846 potest.

273 3862 299 3884 ⁷
353 3877 537 3977 Quamvis
565 3873 670 3946 enim
697 3873 781 3944 ab
770 3874 886 3948 mitio
916 3878 1152 3951 Francorum
1187 3894 1294 3971 reges
1320 3869 1454 3958 electi,
1479 3895 1553 3945 nec
1575 3868 1679 3945 saliua
1713 3888 1862 3968 patrem
1890 3868 2112 3945 hereditatio

352 3998 435 4069 iure
470 3996 618 4069 secutus
655 3989 764 4064 suilla
792 3992 990 4079 rideatur,
1017 3989 1047 4062 ii
1065 4007 1205 4078 tamen,
1228 3991 1295 4088 qui
1312 4006 1463 4087 petrem
1489 3989 1626 4062 ducem
1649 3987 1806 4062 meant
1826 3983 1983 4095 ιωιιιι
1970 4010 2016 4061 ιιι
2036 4010 2110 4061 no·

352 4138 405 4184 vo
414 4114 552 4184 duce
563 4108 744 4212 eligendo
779 4107 825 4180 ad
836 4108 980 4195 filium,
1004 4110 1105 4183 avita
1121 4109 1267 4182 virtute
1295 4105 1579 4182 etfortitudine
1594 4105 1732 4178 bellica
1759 4102 1912 4178 sortass'e
1938 4130 2022 4181 non
2038 4103 2111 4183 mi·
2210 4136 2215 4147 ·

213 4174 249 4286 ἰ
351 4253 428 4303 nus
448 4231 677 4324 pollentem,
704 4226 793 4326 ipsis
821 4225 1150 4325 quodammodo
1138 4227 1277 4300 mritis
1305 4224 1569 4320 respiciebant
1605 4223 1806 4297 Naturale
1830 4223 1973 4300 scilieet
1991 4221 2112 4321 quod·

346 4346 440 4421 ‘dam
460 4366 497 4418 et
513 4371 673 4443 morum
682 4346 934 4445 simplicitatis
955 4342 1219 4419 testimonium
1239 4340 1351 4416 inesse
1373 4340 1588 4439 putaverim
1615 4343 1658 4416 in
1687 4341 1754 4414 illa
1783 4339 1911 4417 filium
1931 4344 1974 4415 in
1993 4339 2110 4435 patrie

348 4464 480 4539 locum
508 4462 757 4537 substituendi
784 4465 1059 4540 consuetudine
1072 4458 1118 4558 ²).
1172 4470 1306 4564 Neque
1326 4461 1428 4559 apud
1456 4464 1623 4535 Francos
1651 4461 1775 4552 solor,
1805 4459 1868 4538 sod
1893 4452 1995 4555 apud
2015 4456 2109 4530 filiu
2199 4539 2204 4548 ,

2155 1829 2159 1869 1
2248 1802 2254 1811 .
