4590 5364
1054 340 1106 373 .-
1210 310 1259 401 73
1322 334 1414 394 χρ.

350 522 458 596 nihil
494 520 688 607 fecerunt,
726 542 809 592 non
846 512 978 588 minus
1001 511 1282 601 temerarium,
1320 539 1435 612 quam
1471 515 1633 590 arduum
1656 516 1888 609 habuerim,
1933 537 1970 593 et
1989 521 2108 610 haud

353 644 454 730 scio,
489 667 538 713 an
564 642 664 712 ultra
692 653 874 710 conatum
902 633 1082 732 cuiquam
1101 632 1290 733 'progredi
1323 661 1406 708 non
1440 637 1561 708 liceat.
1612 633 1779 710 Sufficiet
1804 640 1927 738 igitur
1960 641 2005 713 de
2041 643 2107 724 his¹

353 761 595 858 Merovingis
623 784 641 830 a
669 753 890 854 Dagoberto
916 758 936 825 I
962 778 1084 849 usque
1112 751 1158 823 ad
1186 753 1526 826 childericumlll
1560 755 1655 846 (638
1681 795 1733 810 -
1761 762 1855 850 751)
1883 760 1926 831 in
1954 760 2109 832 univer·

355 883 437 954 sum
471 877 654 975 quaedam
687 887 944 952 111011111,’11
977 895 1060 943 non
1088 889 1166 943 tam
1194 870 1400 967 expressam
1426 873 1533 946 illius
1561 875 1693 947 aetatis
1720 876 1953 974 imaginem,
1991 902 2110 974 quam

355 995 684 1071 adumbrationem
708 1008 864 1064 tantum
889 987 1020 1062 facere.
1059 989 1225 1064 Plurimi
1251 992 1390 1063 horum
1416 1018 1551 1090 regum
1579 1009 1686 1064 erant
1702 992 1871 1067 infantes
1899 996 2108 1094 aut-pueri,

354 1138 391 1192 et
416 1115 442 1186 sr
470 1114 555 1210 quis
583 1112 703 1184 exiis
730 1107 886 1181 adeam
913 1111 1073 1181 aetatem
1100 1106 1338 1200 adoleverat,
1366 1134 1440 1207 qua
1466 1111 1649 1185 iuvenilis
1678 1111 1862 1207 quaedam
1889 1115 2126 1200 111111ιί111,Χ
2216 1146 2224 1165 ·

354 1233 578 1332 ingeniique
612 1228 740 1301 virilis
778 1227 846 1300 ille
879 1226 992 1327 vigor
1027 1251 1204 1322 apparere
1232 1227 1347 1317 solet,
1381 1254 1465 1303 non
1493 1231 1765 1302 excolebantur
1800 1227 2132 1326 fovebanturque
2161 1265 2166 1272 ·

278 1354 284 1366 '
353 1355 440 1426 illae
466 1351 638 1433 virtutes,
663 1344 729 1418 sed
756 1369 988 1442 quocunque
1013 1345 1132 1418 modo
1160 1347 1502 1443 corrumpebantur
1528 1366 1576 1422 11
1582 1349 1737 1442 prorsus
1759 1346 2105 1445 supprimebantur.

283 1550 287 1554 Δ
355 1470 562 1544 Omnibus
562 1465 712 1552 vi·tiis,
723 1465 993 1561 imprimisque
1018 1461 1232 1538 libidinosis
1259 1467 1564 1566 voluptatibus
1552 1485 1606 1538 ita
1622 1465 1877 1557 assueverant,
1915 1485 1958 1540 ut
1982 1485 2108 1540 totam

314 1619 325 1642 ·
353 1591 432 1668 fere
457 1589 578 1663 vitam
594 1606 646 1656 un
672 1583 732 1657 his
760 1581 1025 1679 consumpsisse
1050 1582 1295 1670 viderentur,
1332 1609 1428 1685 quae
1455 1611 1532 1683 quo
1552 1578 1682 1683 magis
1710 1611 1730 1658 a
1753 1586 1922 1659 iuvenili
1947 1587 2013 1658 illa
2046 1609 2107 1658 ae·

351 1728 448 1794 tate,
469 1729 546 1805 quo
566 1701 690 1802 magis
718 1702 882 1775 omnino
909 1703 956 1774 ab
982 1702 1170 1773 humanae
1196 1717 1356 1777 naturae
1381 1705 1569 1804 dignitate
1595 1704 1870 1792 abhorrebant,
1901 1730 1946 1778 eo
1965 1703 2108 1776 maiori

325 1827 515 1924 ‘legentis
538 1824 712 1894 animum
731 1815 882 1890 fastidio
908 1822 1067 1914 replent.
1111 1816 1275 1890 Fortasse
1301 1821 1353 1915 id,
1382 1821 1487 1917 quod
1513 1822 1559 1891 de
1586 1822 1809 1895 chlodoveo
1837 1828 1874 1894 11
1890 1824 2107 1917 complures
2185 1856 2217 1870 ν·

266 1974 270 1981 ’
351 1962 496 2016 veteres
522 1939 723 2035 scriptores
739 1936 946 2028 memoriae
964 1936 1231 2033 prodiderunt,
1260 1938 1305 2011 de
1332 1938 1528 2025 omnibus,
1557 1963 1626 2034 qtu
1614 1937 1826 2034 deinceps
1846 1967 1893 2013 ex
1908 1940 2109 2013 Merovin·

352 2085 489 2161 gor-um
516 2075 631 2158 gente
657 2068 821 2155 regnum
831 2040 1068 2130 Francorum
1086 2036 1344 2150 susceperunt,
1365 2058 1449 2154 pari
1466 2057 1550 2128 iure
1568 2055 1644 2128 dici
1661 2049 1811 2152 potest³
1809 2063 1841 2148 ).
1879 2064 2014 2156 Neque
2034 2057 2106 2128 mi·

228 2207 232 2211 ·
319 2261 324 2267 ,
352 2184 438 2252 rum
465 2175 526 2264 111,
556 2178 601 2249 (11
627 2175 943 2272 hisMerovingis
963 2171 1173 2259 historicos,
1194 2195 1341 2274 praeter
1357 2175 1521 2247 nomina
1548 2191 1586 2244 et
1610 2173 1718 2260 vitia,
1741 2175 1843 2248 nihil
1860 2173 1938 2248 sere
1956 2175 2106 2251 referre

350 2301 451 2390 Illud
478 2278 584 2368 enim
611 2311 813 2380 certamen,
840 2293 944 2389 quod
956 2295 1124 2366 Maiores
1142 2294 1279 2367 domus
1299 2292 1345 2363 ad
1362 2289 1657 2386 comparandam
1673 2289 1743 2363 fibi
1760 2295 1925 2392 regalem
1946 2291 2105 2388 potesta·

351 2438 429 2490 tem
445 2413 634 2498 subibant,
661 2435 745 2484 non
764 2429 898 2482 contra
910 2413 1178 2511 Merovingos,
1207 2413 1270 2484 sed
1290 2426 1511 2509 cumgente
1539 2414 1776 2481 Francorum
1797 2429 1877 2484 erat
1895 2410 2105 2508 suscipien-

323 2524 327 2535 ¹
353 2539 447 2612 dum
466 2551 503 2607 et
521 2529 759 2630 singulorum
774 2528 1098 2628 Merovingorum
1116 2528 1278 2603 nomina
1296 2521 1374 2599 fere
1396 2552 1492 2612 non,
1518 2524 1593 2598 nisr
1620 2549 1666 2598 eo
1693 2529 1807 2602 nobis
1835 2527 1979 2611 serrata
2006 2531 2104 2616 sunt,
2142 2613 2156 2632 ι

327 2655 331 2660 ’
354 2653 460 2751 quod
475 2642 616 2747 singuli
629 2646 797 2719 Maiores
818 2644 956 2719 domus
981 2644 1027 2717 ad
1047 2647 1155 2718 suum
1173 2647 1335 2744 quisque
1356 2641 1557 2719 consilium
1575 2667 1690 2739 quam
1712 2644 1894 2739 aptiffinn
1916 2643 2109 2744 assequen-¹

354 2771 448 2844 dum
463 2766 615 2881 regibus
644 2763 929 2860 quodammodo
954 2755 1281 2857 1111111111114),
1308 2761 1485 2863 quibus
1474 2779 1528 2833 111
1549 2785 1637 2832 non
1662 2762 1781 2837 modo
1810 2765 1940 2839 omnis
1967 2767 2107 2865 regalis

248 2895 266 2905 ”
351 2882 525 2987 potestas,
544 2881 605 2957 sed
623 2883 760 2983 agendi
778 2879 858 2978 ipsa
877 2881 1032 2956 libertas
1049 2884 1163 2980 plane
1183 2876 1447 2958 adimebatur⁵
1444 2886 1478 2974 ).
1513 2879 1636 2954 Non
1624 2882 1820 2955 immerito
1839 2884 1959 2983 igitur
1976 2909 2105 2956 recen·

352 3010 470 3101 tiores
488 3006 559 3078 hos
576 3024 710 3104 reges„
726 3002 782 3074 les
801 2996 1053 3076 fait-neante‘
1069 3003 1325 3077 nominarunt
1334 3030 1347 3090 3
1366 3021 1598 3100 quamquam
1615 3021 1699 3069 11011
1717 2999 1933 3090 defuerunt,
1953 3001 2023 3099 qui
2041 3024 2107 3075 eos

353 3143 485 3200 contra
510 3116 735 3220 huiusmodi
761 3119 1053 3195 calumniatores
1082 3120 1351 3209 defendere,
1319 3147 1448 3218 eisque
1468 3126 1654 3200 violatam
1674 3120 1776 3217 quasi
1799 3120 1971 3220 gloriam
1992 3138 2106 3218 atque

352 3246 535 3321 virtutem
559 3232 754 3316 vindicare
781 3257 1010 3312 conarentur
1018 3231 1071 3331 6.)
1129 3244 1312 3314 Attamen
1337 3239 1480 3314 etiamsi
1505 3244 1744 3346 singulorum
1771 3239 1957 3340 quaedam
1981 3239 2106 3312 virtus

353 3362 536 3448 eluxerit,
571 3377 611 3432 et
646 3359 933 3454 praeclarum
909 3374 975 3430 aut
999 3357 1100 3431 sorte
1127 3359 1321 3457 quoddam
1346 3355 1498 3435 facinus
1526 3366 1674 3438 editum
1699 3361 1838 3447 suerit,
1875 3359 1950 3432 hoc
1977 3375 2106 3432 tamen

353 3481 400 3554 ad
426 3502 672 3552 communem
697 3475 939 3575 Merovingis
973 3500 1128 3550 morum
1163 3473 1442 3577 perversitatem
1476 3481 1685 3558 sanandam
1718 3480 1820 3555 nihil
1854 3477 1990 3552 valuit.
2054 3479 2105 3547 Ε1
2211 3520 2219 3527 -

298 3627 301 3635 ·
354 3624 442 3672 cum
468 3593 593 3669 nostra
618 3594 832 3691 plurimum
857 3591 1028 3666 interesse
1054 3593 1206 3683 debeat,
1249 3620 1495 3674 communem
1531 3600 1633 3700 quasr
1669 3602 1844 3674 illorum.
1855 3595 2105 3690 Merovingo·

354 3743 440 3790 rum
466 3713 637 3788 indolem
664 3712 905 3800 adumbrare,
931 3710 1085 3811 fingula‘
1102 3714 1245 3799 virtus,
1274 3740 1507 3816 quamquam
1530 3744 1599 3819 per
1625 3723 1662 3797 se
1690 3720 1800 3793 omni
1824 3712 1934 3788 laude
1960 3708 2104 3810 dignis.

354 3834 463 3923 sima,
491 3848 707 3909 memoratu
733 3847 862 3905 tamen
887 3830 957 3904 vix
982 3828 1099 3930 digna
1126 3828 1197 3906 esse
1222 3833 1409 3911 videatur.

1183 4042 1284 4133 §·⁶·
1372 4035 1377 4045 ’

457 4198 654 4292 Quantum
686 4209 779 4301 vero
812 4173 947 4290 regum
982 4205 1080 4266 aetas
1114 4189 1182 4265 illa
1218 4189 1321 4289 quasi
1356 4195 1559 4292 pupillaris
1596 4192 1883 4297 adaugendam
1908 4190 2108 4266 Maioma
2153 4198 2192 4213 ”
2274 4274 2281 4282 ,

354 4313 491 4386 domus
518 4307 739 4419 potestatem
765 4309 982 4398 contulerit,
1009 4312 1139 4409 perse
1165 4312 1254 4386 satis
1274 4329 1389 4408 patet.
1440 4320 1669 4413 Plerumque
1695 4304 1800 4391 1111111
1825 4337 1961 4414 regum
1986 4307 2106 4381 tutela

354 4446 393 4504 et
419 4454 506 4505 cunr
533 4431 602 4538 hac
628 4430 746 4501 tutela
773 4431 884 4528 regni
908 4426 1183 4503 administratio
1210 4455 1345 4532 regum
1371 4433 1556 4510 matribus
1591 4453 1630 4509 et
1644 4436 1799 4509 Maiori
1837 4433 1973 4508 domus
1986 4451 1988 4460 ⁴
2001 4447 2105 4497 com·

354 4547 588 4669 mittebatur.
648 4546 784 4622 Omnis
819 4546 940 4648 igitur
965 4571 1046 4632 ars,
1084 4551 1357 4649 quam-Maior
1383 4553 1521 4630 domm
1556 4579 1662 4643 nunc
1688 4557 1737 4635 ad
1762 4549 1975 4660 augendam
2000 4559 2107 4651 pote·
2162 4542 2165 4546 ’
