4590 5364
1034 365 1255 444 ...ιδ
1357 310 1408 409 .“

174 542 182 549 ”
239 539 242 544 ’
349 554 499 653 ‚domus
533 556 562 635 si
595 581 678 634 non
714 555 935 631 chlodoveo
960 540 1046 652 ipso
1072 571 1277 654 regnante,
1315 551 1434 627 haud
1452 555 1577 628 multo
1597 552 1721 650 prius
1747 569 1923 628 tamena
1949 551 2104 626 Francis

362 681 471 755 fuisse
497 682 679 763 electum,
719 676 834 772 idque
870 691 1068 770 propterea
1103 676 1321 770 praecipue,
1362 672 1466 770 quod
1491 675 1561 746 illo
1588 673 1670 768 ipso
1698 691 1871 768 tempore
1896 667 1981 743 turri
2008 669 2105 742 fines
2224 686 2227 692 '

242 853 251 863 ,
362 801 472 898 regni
498 796 620 895 magis
648 795 844 898 magisque
882 796 1211 889 propagabantur,
1256 810 1342 865 tum
1378 793 1491 888 semel
1513 788 1670 864 condita
1697 790 1865 864 civitatis
1892 789 2016 861 forma
2043 812 2104 860 ex·

361 918 554 990 colebatur
579 913 700 1010 magis
728 928 854 1008 atque
869 909 1175 1005 confirmabatur.
1239 918 1373 1005 Neque
1398 927 1527 982 tamen
1563 910 1850 995 contenderim,
1886 909 1989 1004 quod
2022 912 2107 977 Per·

237 1122 242 1129 ι
361 1037 463 1108 taius
490 1028 679 1140 credidisse
704 1029 879 1114 videtur,
907 1027 1168 1121 Wipmadum,
1197 1030 1265 1125 qui
1290 1030 1333 1100 in
1359 1028 1598 1101 childericil
1625 1025 1747 1125 magis
1774 1024 1965 1112 sabulosa,
1993 1046 2107 1119 quam

333 1177 472 1237 uera,
521 1136 565 1220 ιιι
602 1148 699 1219 mihi
735 1141 912 1232 videtur,
959 1147 1179 1242 implicatus
1218 1145 1328 1218 fuisse
1352 1164 1527 1217 narratur
1552 1142 1728 1232 historia,
1780 1143 1940 1215 Maioris
1968 1137 2105 1212 domus
2181 1159 2223 1213 ·.

361 1276 596 1344 Francorum
622 1288 782 1337 munere
809 1280 989 1337 omatum
1014 1263 1134 1337 fuisse.
1187 1265 1359 1337 Pertzius
1384 1262 1464 1336 sine
1490 1263 1609 1336 dubio
1637 1265 1758 1335 solam
1782 1258 1958 1348 historiae
1984 1260 2106 1354 epito-

359 1407 482 1460 matae
509 1383 910 1477 auctoritatem-quae
936 1381 1145 1517 wiomado
1159 1382 1428 1480 «„Subreguli“
1454 1404 1600 1453 nomen
1625 1381 1773 1467 tribuit,
1802 1380 1961 1465 secutus,
1973 1374 2024 1468 Π)
2052 1376 2109 1448 ita

360 1503 599 1577 statuendum
624 1500 798 1595 putavit3
826 1524 906 1573 nec
931 1500 1063 1600 negari
1089 1496 1209 1596 potest
1236 1499 1366 1572 seriori
1394 1498 1548 1595 quidem
1573 1517 1745 1596 tempore
1770 1498 1940 1570 Maiores
1968 1497 2107 1568 domus

249 1696 252 1700 .
339 1611 554 1695 *interdum
581 1618 811 1717 subregulos
837 1615 947 1690 fuisse
974 1619 1184 1753 appellatos
1201 1610 1265 1708 12).
1304 1618 1483 1689 Attamen
1509 1623 1770 1734 praeterquam
1794 1615 1903 1714 quod
1928 1616 1994 1687 alii
2020 1612 2108 1688 scri·

219 1743 224 1762 '
359 1751 512 1838 ptores,
545 1759 710 1832 quorum
745 1733 838 1807 fides
874 1736 1000 1806 multo
1038 1737 1159 1832 magis
1195 1716 1356 1829 probata
1393 1731 1462 1806 esse
1487 1733 1701 1822 videatur,
1718 1723 1823 1807 hunc
1858 1724 2108 1823 Wiomaduru

360 1881 456 1941 non,
484 1850 557 1925 nifi
576 1852 803 1936 „hominem
825 1850 1040 1922 Childerico
1068 1851 1248 1921 charum“
1275 1868 1342 1920 aut
1368 1852 1448 1922 eius
1475 1852 1668 1936 „anticum
1693 1869 1732 1924 et
1760 1849 2041 1925 confiteriam
2055 1842 2106 1941 13)
2189 1849 2191 1853 ’

359 1971 626 2057 nominarunt,
652 1984 841 2067 repugnat
866 1968 1021 2064 insuper
1048 1993 1137 2040 cum
1162 1985 1245 2041 tota
1271 1966 1485 2042 Waddonis
1511 1969 1696 2056 conditio,
1722 1987 1809 2040 ιιιιιι
1828 1964 2108 2061 necessitudinis

360 2090 527 2163 maxime
552 2086 838 2160 Wiomadum
822 2103 929 2163 inter
955 2103 994 2157 et
1020 2085 1274 2161 childericum
1296 2087 1393 2158 ratio
1420 2087 1481 2175 iis,
1509 2112 1604 2191 quae
1629 2086 1675 2159 de
1700 2087 1825 2184 prima
1851 2088 2014 2161 Maioris
2041 2085 2107 2161 do·
2182 2171 2184 2175 v

361 2232 447 2283 mus
482 2203 708 2279 conditione
743 2228 790 2279 ex
816 2202 905 2299 ipsis
938 2199 1112 2278 historiae
1137 2203 1315 2277 fontibus
1342 2205 1532 2278 coniicere
1556 2206 1679 2280 liceat.
1732 2210 1782 2278 Et
1806 2204 1835 2279 fi
1860 2207 2127 2279 Wiomadum.
2194 2207 2214 2283 ,“

234 2420 237 2425 ¹
359 2323 574 2400 Childerico
602 2297 784 2419 regnante
810 2321 1000 2397 Maiorem
1030 2322 1167 2394 domus
1194 2315 1429 2418 putaverim,
1448 2329 1644 2411 Faronem,
1671 2325 1741 2422 qui
1764 2324 2027 2424 Ragnacharii,
2053 2349 2107 2396 re·

361 2445 502 2544 gisap
505 2438 557 2515 ud
592 2446 848 2541 Camaracum,
880 2436 1117 2512 consiliarius
1152 2431 1469 2533 noniinatur14),
1496 2442 1579 2538 pari
1621 2441 1740 2517 modo
1772 2442 1935 2516 Maioris
1971 2443 2135 2518 domus.

359 2563 509 2640 honore
527 2581 662 2629 ornare
680 2581 769 2647 vere
785 2582 869 2628 non
889 2555 1116 2629 dubitarem.
1154 2563 1405 2650 Quapropter,
1430 2556 1640 2628 fi'omnino
1660 2562 1797 2634 certius
1815 2561 1911 2656 quid
1936 2559 1983 2632 de
1999 2558 2110 2634 wio-
2201 2568 2209 2596 ‘

256 2696 264 2708 ·
361 2677 467 2751 madi
501 2671 724 2746 conditione
746 2667 907 2742 -statuere
930 2670 1066 2756 liceat,
1093 2668 1243 2743 fortasse
1264 2658 1443 2742 chiffletii
1468 2659 1711 2766 priteserenda
1738 2673 1788 2746 est
1812 2677 2011 2763 sententia,
2039 2679 2110 2776 qui
2137 2771 2143 2778 ,

359 2779 860 2913 Ψιοιιιιᾰιιιιι,,,οιιι1ιιιιιιι
877 2783 1179 2873 referendarium
1197 2805 1235 2861 ot
1254 2783 1445 2866 custodem
1464 2789 1599 2867 annuli
1615 2790 1738 2889 regii“
1755 2790 1865 2869 fuisse
1879 2789 2108 2889 putavit¹³).

858 2908 865 2921 i
1120 2931 1374 3057 (ἕοιιιῖιιῘιό.1
1805 2914 1809 2924 ⁸
1981 2949 1985 2958 '

462 3070 566 3157 Haec
591 3079 710 3180 igitru
734 3078 874 3168 habui,
920 3103 1015 3178 quae
1049 3104 1156 3154 nunc
1191 3079 1237 3153 de
1262 3080 1424 3154 Maioris
1451 3083 1589 3156 domus
1615 3084 1788 3184 origine,
1825 3076 1949 3184 prima
1976 3079 2120 3160 condi-s

252 3250 265 3263 ..
342 3201 490 3297 aione,
517 3217 556 3273 et
580 3200 649 3287 iis,
676 3225 774 3297 quae
799 3200 1083 3294 proposuerunt
1109 3196 1213 3269 docti
1240 3200 1285 3271 de
1311 3199 1669 3289 hoc'minister'iali,
1708 3204 1898 3284 sentirem.
1953 3207 2037 3294 Sed,
2063 3221 2109 3277 ut

362 3344 496 3394 verum
506 3317 637 3406 fatear,
658 3316 774 3390 inhis
794 3315 989 3403 omnibus,
1010 3339 1105 3413 quaa
1125 3316 1177 3386 ita
1197 3311 1358 3396 disserui,
1379 3319 1570 3413 permulta
1589 3321 1778 3402 nonsatis
1798 3322 1980 3423 gravibus
1997 3347 2110 3424 argu·

360 3436 504 3515 mentis
525 3435 772 3532 comprobata
784 3433 896 3507 facile
915 3433 1068 3506 reticere
1080 3433 1202 3506 liceat.
1230 3433 1331 3506 Fieri
1348 3424 1454 3507 enim
1477 3460 1560 3511 non
1585 3436 1717 3535 potest,
1744 3441 1840 3539 quin
1867 3442 1912 3514 in
1938 3437 2109 3541 disquifi.

360 3556 488 3640 tione,
517 3552 681 3651 quaein
705 3572 807 3624 mera
833 3549 913 3626 fere
940 3551 1156 3622 coniectura
1182 3548 1300 3647 polita
1338 3547 1407 3641 est,
1445 3557 1553 3627 etin
1579 3580 1652 3652 qua
1678 3559 1830 3659 ingenii
1855 3562 1977 3659 magis
2016 3582 2108 3656 qua·

246 3666 251 3672 ’
362 3674 449 3747 darn
475 3670 683 3757 felicitate,
722 3684 838 3765 quam
863 3667 1064 3769 sagacitate
1099 3686 1136 3740 et
1162 3663 1415 3767 investigandi
1449 3667 1653 3755 assiduitate
1687 3679 1899 3774 plurimum
1935 3673 2108 3761 efficitur,

359 3790 458 3866 alius
485 3790 600 3860 aliam
623 3785 693 3860 fibi
719 3774 842 3885 fin‘gat
866 3772 1101 3864 sententiam.
1154 3785 1225 3874 At,
1263 3785 1334 3860 nili
1360 3787 1455 3886 quid
1478 3793 1593 3866 lateat
1618 3795 1747 3892 aliquo
1772 3797 1881 3881 loco,
1919 3795 2024 3890 quod
2049 3795 2109 3907 lu·

316 3886 327 3938 ³
359 3933 449 3983 men
474 3901 605 3980 afferre
628 3899 763 4001 poffit,
788 3903 951 3992 nemini,
976 3927 1027 3979 ne
1052 3900 1263 3981 seliciffilno
1300 3907 1457 4003 quidem
1490 3913 1688 4013 continget
1724 3912 1909 4012 ingenio,
1944 3900 2110 4008 primam

361 4044 399 4100 et
423 4049 553 4102 veram
578 4015 740 4096 Maioris
767 4019 906 4095 domus
942 4020 1205 4096 conditionem
1228 4026 1458 4098 accuratius
1467 4025 1624 4101 definire
1649 4026 1762 4125 polle.
1823 4034 1874 4102 Et
1907 4050 2107 4128 propterea
2156 4081 2159 4092 ·

359 4165 651 4247 quemcunque,
675 4141 744 4239 qui
768 4162 933 4237 aequum
959 4139 1005 4212 de
1028 4135 1155 4231 nollra
1181 4144 1505 4218 commentatione
1522 4144 1619 4223 ferre
1648 4146 1743 4220 velit
1767 4147 1969 4239 iudicium,
1995 4147 2107 4226 rebe·

361 4278 509 4335 menter
534 4259 769 4357 rogaverim,
823 4273 869 4332 ut
894 4257 939 4331 in
964 4256 1139 4330 animum
1164 4256 1234 4332 sibi
1260 4278 1412 4333 revocet
1437 4261 1537 4335 illud
1562 4262 1708 4339 dictum
1746 4263 2036 4363 Thucydidisr‘
2039 4291 2106 4359 χι·

361 4379 466 4455 λιτὸν
491 4377 704 4477 τιμειρίιις
730 4381 853 4459 εἰπεῖν,
890 4366 978 4451 tad
1002 4377 1106 4474 μόλις
1132 4377 1189 4449 καὶ
1216 4378 1236 4471 ἢ
1265 4378 1401 4473 δόκησις
1427 4386 1491 4475 τῆς
1517 4383 1684 4480 ἀληθείας
1707 4389 1926 4473 βεβαιοῦται.
1951 4418 2005 4442 -·
2072 4458 2104 4470 ,,
2190 4400 2193 4404 ’
2256 4404 2262 4417 ’

955 4604 1525 4647 m
1584 4616 1598 4649 J
1672 4638 1676 4645 .

1060 4808 1072 4843 h
