4590 5364
1017 342 1097 371 ⁴··--
1156 280 1160 297 ’
1198 318 1250 390 cc
1352 353 1407 383 .-

336 510 482 608 trainni
508 518 695 594 exercitus
722 518 769 588 ex
794 515 980 614 Hispania
1013 519 1226 626 reportavit
1236 513 1298 614 ι3).
1351 519 1495 594 Ultima
1516 502 1735 603 itiortasse
1759 523 1874 599 unica
1907 513 2107 604 Merovin·

228 746 230 750 y
300 739 302 742 Ι
338 643 398 741 gia
416 641 556 741 avitam
575 637 751 738 gloriam,
778 639 927 733 populo
946 638 1195 742 concordiam!
1217 657 1256 712 et
1280 640 1402 713 robur
1424 637 1654 715 restaurandi
1678 644 1742 718 via
1768 661 1806 716 et
1831 646 2106 746 ratio,.·regum

343 760 390 831 ad
408 774 540 854 pacem
557 774 596 829 et
613 757 773 828 salutem
791 753 910 826 fuerit
927 758 1167 831 coniunctio.
1201 765 1312 832 Hanc
1323 759 1643 856 coniunctionem
1659 760 1832 858 spectans
1845 769 2107 840 cuntramnus

223 917 227 924 ,
344 902 431 950 curn
443 875 687 948 Childeberto
713 890 856 967 nepote
866 874 1017 950 foedus
1042 879 1135 950 iniit
1162 902 1336 976 eumque,
1363 876 1459 952 siliis.
1483 863 1651 966 orbatus,
1677 881 1875 976 adoptavit
1891 873 1957 974 1⁶).
2001 885 2108 957 Atta·

342 1021 431 1096 men
451 995 589 1080 serium
608 1018 698 1066 nam
714 992 888 1088 neglecta
904 981 1001 1078 mdx
1017 997 1252 1069 Guntramni
1275 996 1459 1084 amicitia,
1480 997 1743 1095 childebertus
1769 1022 1858 1097 cum
1878 1001 2108 1097 chilperico,

285 1129 289 1135 ·
343 1114 411 1211 qui
430 1114 650 1213 eum'regni
668 1112 727 1183 sai
745 1107 987 1187 successorem
1006 1134 1043 1188 et
1061 1117 1238 1188 heredem
1261 1113 1332 1187 fibi
1358 1117 1534 1214 elegerat,
1560 1118 1842 1201 denuocontra
1862 1100 1990 1215 ipsum
2002 1126 2108 1194 Gun-

343 1250 543 1304 tramnum
576 1255 679 1314 arma
704 1250 840 1322 capere
863 1255 961 1306 non.
975 1229 1202 1342 dubitat¹⁷).
1253 1232 1453 1308 Defuncto
1476 1254 1609 1331 tamen
1629 1237 1871 1333 chilperico,
1905 1233 2107 1334 postquam

346 1343 608 1450 Fredegundis
623 1336 857 1433 cuntramni
872 1354 1015 1424 tutelae
1036 1369 1075 1425 et
1092 1349 1275 1448 praesidio
1291 1374 1457 1452 regnum
1480 1351 1685 1452 filiumque
1710 1353 1902 1429 infantem
1928 1351 2107 1429 chlotha-

346 1469 450 1540 rium
477 1476 764 1550 commendarit
778 1470 857 1568 ¹⁸),
893 1470 1128 1546 childericus
1151 1470 1292 1545 melius
1319 1487 1357 1542 et
1382 1469 1459 1545 suia
1485 1471 1604 1570 ipsius
1628 1472 1848 1546 rationibus
1896 1453 2116 1547 consultius

348 1611 457 1686 agere
482 1608 565 1662 non
592 1591 697 1687 posse
716 1595 908 1690 putabat,
942 1613 1069 1686 quam¹
1085 1591 1316 1662 cuntramni
1343 1589 1513 1664 amicitia
1546 1590 1622 1665 fibi
1653 1591 1935 1679 reconcilianda
1971 1615 2108 1689 pacem

349 1717 386 1777 et
412 1706 659 1781 concordiam
684 1698 967 1799 restaurarem).
1019 1707 1131 1804 Quod
1156 1708 1210 1780 ita
1236 1709 1336 1781 bene
1360 1698 1537 1790 succeffit,
1563 1727 1611 1782 ut
1634 1715 1899 1784 cuntramnus
1926 1727 2109 1807 nepotem

348 1824 488 1895 iterum
514 1827 626 1923 regni
650 1829 832 1903 heredem
855 1826 1011 1924 publice
1035 1825 1280 1921 profiteretur
1292 1819 1370 1915 ²⁰).·
1409 1831 1600 1920 Perpetua
1631 1829 1834 1901 exinde-et
1868 1828 1998 1926 firma,
2037 1826 2110 1902 nili

342 1942 487 2017 ‘leviter
511 1944 708 2018 interdum
731 1948 884 2020 turbata
898 1938 967 2034 2³¹),
992 1945 1041 2016 ad
1066 1944 1270 2038 utrimque
1283 1939 1407 2014 finem
1424 1967 1549 2040 usque
1570 1944 1677 2018 vitae
1702 1951 1989 2020 Guntramnum
2004 1948 2109 2020 inter

350 2078 388 2133 et
416 2061 703 2137 childebertum
728 2064 953 2139 conservata·
976 2058 1026 2135 est
1052 2053 1300 2152 amicitiam).
1352 2062 1503 2159 Quibus
1518 2061 1716 2135 defunctis
1727 2054 1793 2152 ²³),
1820 2059 1947 2138 novae
1967 2065 2110 2138 iterum

346 2181 602 2254 Brunichilde
634 2199 751 2281 atque
781 2182 1033 2280 Fredegnnde
1064 2180 1265 2276 praecipue
1302 2180 1526 2252 auctoribus
1557 2181 1823 2253 excitabantur
1857 2180 2108 2279 tempestates,

266 2278 300 2314 ³
350 2323 470 2394 usque
496 2288 675 2390 tandem,
699 2301 950 2375 Brunichilde
976 2293 1226 2370 crudelissime
1247 2313 1393 2385 necata,
1422 2295 1637 2371 chlotharii
1653 2295 1700 2370 11'
1715 2300 1944 2372 Monarchia
1970 2298 1998 2372 fi
2023 2324 2108 2373 non

255 2448 265 2466 =
351 2414 507 2514 pristina
533 2420 655 2524 virtm
683 2400 724 2492 et
746 2421 940 2494 maiorum
968 2417 1105 2517 gloria,
1133 2440 1212 2516 pax
1234 2433 1366 2490 tamen
1391 2432 1505 2515 atque
1530 2417 1740 2491 concordia
1764 2418 1919 2492 Francis
1944 2443 2013 2514 per
2040 2417 2110 2491 ui·
2211 2470 2232 2488 Α.

237 2639 239 2643 ,
352 2553 449 2634 quot
475 2531 627 2634 tempua
654 2533 916 2611 restituebatur
924 2526 994 2625 ²⁴).
1017 2542 1074 2589 -‘··

1177 2738 1217 2830 §-
1243 2737 1283 2809 a.

455 2898 558 2989 Quae
584 2913 672 2964 cuna
697 2887 747 2964 lic
773 2890 809 2965 se
835 2888 1020 2976 habeant,
1048 2910 1145 2986 quae
1170 2884 1291 2960 fuerit
1315 2902 1489 2985 tenpore
1516 2886 1731 2963 chlotharii
1752 2893 1790 2962 11
1815 2889 1917 2989 regia
1943 2893 2112 2966 Franco·

352 3034 440 3081 rum
468 3008 648 3082 conditio
673 3035 847 3109 quaeque
871 3008 1099 3095 auctoritas,
1125 3030 1209 3081 non
1236 3001 1388 3079 difficile
1414 3003 1469 3079 est
1490 3007 1717 3106 intelligere.
1770 3008 1908 3082 Franci
1933 3006 2004 3105 ipsi
2029 3033 2110 3082 ma·
2210 3085 2213 3089 ,

355 3130 413 3228 gia
440 3145 545 3229 grata
579 3120 745 3226 quadarn
779 3147 953 3204 veterum
980 3123 1153 3224 ipsorum
1178 3149 1312 3224 regum
1337 3123 1496 3199 virtutis
1523 3125 1802 3212 recordatione,
1831 3152 1947 3224 quam
1974 3119 2110 3201 eoruu't

353 3245 620 3336 fortitudinia,
646 3249 714 3346 qui
738 3273 848 3322 nunc
870 3243 1043 3348 regalem
1062 3244 1189 3322 sedeur
1212 3244 1487 3331 obtinuerant,
1510 3243 1723 3318 reverentia
1749 3241 1956 3341 permoti,
1979 3252 2109 3337 Mero
2178 3283 2183 3290 ·

354 3369 567 3465 vingortim
587 3391 756 3468 regnunt
779 3363 868 3464 palli
894 3363 1004 3442 fuisse
1027 3361 1224 3437 ridentur.
1284 3366 1411 3462 Reges
1425 3373 1572 3437 'eontra
1597 3363 1708 3437 omni
1734 3381 1774 3437 et
1800 3365 1976 3461 corporis
2003 3365 2045 3437 vi
2072 3379 2116 3437 et
2145 3449 2148 3452 ,
2246 3434 2270 3448 ,,

334 3485 479 3560 ‚annu
500 3482 638 3584 vigore
658 3483 878 3558 libidinosis
901 3485 984 3557 illis
1007 3483 1208 3557 amoribus
1243 3478 1413 3554 destituti
1439 3484 1567 3582 magia
1603 3480 1813 3570 ducebant,
1849 3493 1966 3581 quam
1999 3471 2108 3556 vire·

352 3604 449 3674 bant
471 3605 596 3677 vitam
618 3600 863 3690 inhoneslam
885 3621 1001 3698 atque
1023 3601 1271 3674 maculosam.
1321 3600 1499 3695 Ipsorum
1523 3602 1795 3699 impotentiam
1814 3627 1898 3675 non
1921 3602 2107 3705 ignotam
2131 3592 2152 3695 ‚⁸

353 3737 410 3794 tes
434 3712 560 3820 magia
583 3719 724 3795 iustum
747 3728 982 3795 Francorum
1008 3720 1144 3793 odium
1168 3716 1427 3809 timebant¹),
1465 3726 1581 3817 quam
1604 3721 1724 3794 nuria
1748 3721 1935 3816 praeclare
1962 3735 2001 3789 et
2027 3715 2112 3791 sor·

351 3841 446 3912 titer
469 3835 580 3940 gestia
605 3841 730 3940 gantis
757 3847 843 3912 suae
869 3836 1041 3914 amorem
1065 3855 1105 3911 et
1129 3836 1310 3943 fiduciam
1343 3862 1568 3934 temperare
1600 3841 1804 3912 callebant.
1866 3836 1963 3932 Quia
2000 3836 2109 3910 enim

352 3984 527 4056 unquam
559 3957 694 4056 potuit
728 3957 1035 4030 imbecillitatem
1067 3957 1178 4028 illam
1211 3955 1540 4056 fragilitatemque
1575 3955 1749 4030 enervati
1781 3952 1897 4028 huius
1925 3973 1964 4028 et
1988 3979 2110 4052 paene

326 4070 568 4180 ,effeminati
591 4077 743 4178 generis
767 4077 914 4162 vereri,
939 4077 1026 4172 quia
1050 4075 1187 4172 potuit
1207 4074 1482 4153 extimescere?
1528 4075 1627 4147 Eius
1646 4072 1791 4147 scilicet
1810 4075 1974 4174 generis,
1999 4075 2106 4172 quod
2147 4087 2151 4091 ’

356 4195 649 4294 obiurgantium
666 4195 819 4294 potius
846 4190 1080 4282 cantilenis,
1113 4194 1235 4292 'quam
1267 4192 1515 4291 laudantium
1552 4192 1768 4288 praeconiis
1807 4192 2107 4290 prosequebatur

355 4310 747 4412 celebrabaturque²).
796 4313 976 4401 Accedit,
1014 4315 1119 4411 quod
1155 4314 1284 4413 gentis
1308 4317 1547 4385 Francorum
1567 4312 1688 4398 robur
1713 4328 1752 4384 et
1776 4313 1877 4385 vires
1903 4306 2102 4409 perpetuis
2134 4397 2139 4406 -

354 4433 433 4506 illia
460 4431 622 4536 fratrum
648 4433 871 4521 discordiis,
897 4434 1155 4529 civilibusque
1177 4431 1289 4506 bellis
1313 4431 1435 4505 nimia
1459 4431 1675 4505 debilitatae
1701 4447 1743 4505 et
1765 4455 1886 4529 paene
1912 4420 2108 4502 exhaustae

353 4569 472 4627 etant.
524 4542 822 4650 quodquidam
847 4553 890 4626 in
918 4575 965 4627 eo
990 4539 1193 4650 praecipue
1213 4546 1402 4638 cernitur,
1425 4550 1531 4648 quod
1555 4548 1691 4626 sedatio
1716 4550 1918 4649 paululum
1943 4549 2110 4622 Franco.
