4590 5364
1098 350 1151 372 -ι
1255 339 1303 410 79
1405 353 1458 375 .-
1551 286 1556 292 '

406 545 504 614 rant,
533 543 643 627 re'gcs
671 528 739 598 hac
766 514 892 599 tutela'
911 524 954 597 in
981 516 1086 597 suam
1111 522 1282 622 ipsorum
1316 522 1526 627 perniciem
1543 521 1608 598 'ita’
1641 508 1929 616 abutebantur,'
1952 545 1998 602 ιιι
2030 532 2159 625 Mero·
2248 582 2257 588 -

403 648 618 746 vingorum
644 645 831 743 fragilitas
859 662 971 738 atque
997 639 1251 715 inconstantia
1277 669 1373 731 non,
1399 643 1471 717 nist
1497 645 1660 719 Maioris
1688 647 1825 751 domus
1846 647 2158 751 praesidiouuni·

411 789 457 838 co
484 767 591 840 velut
619 763 870 848 adminiculo,
901 761 1109 838 sustentari
1134 778 1247 858 atque
1273 758 1431 834 stabiliri
1455 764 1660 837 videretur.
1714 764 1808 837 Inde
1828 768 1932 862 quod
1957 765 2158 840 necessario
2265 761 2268 765 ’

409 884 582 979 secutum
608 880 745 966 fuerit,‘
765 882 901 975 cuique
927 879 1142 979 intelligere
1177 881 1237 963 in,
1255 898 1412 976 promtu
1448 867 1507 954 est}
1560 883 1657 979 Regi
1683 884 1788 956 enim
1823 909 1916 957 mox
1954 880 2076 957 nulla
2098 909 2158 959 rea
2253 972 2256 976 ¹

392 1003 529 1101 magis
559 1019 637 1072 erat
662 995 873 1084 necessaria,
903 1023 1019 1095 quam
1044 998 1208 1071 Maioris
1235 999 1373 1073 domus
1400 1000 1518 1070 tutela
1536 1019 1648 1096 atque
1666 999 1912 1098 praesidiumt
1939 1004 2044 1100 quod
2070 1003 2161 1075 cum

409 1113 731 1191 animadvertisset
756 1115 886 1188 Maior
912 1116 1061 1201 domus,
1090 1132 1242 1188 etcum
1265 1141 1371 1189 nunc
1396 1140 1480 1192 non
1506 1118 1624 1191 modo
1658 1115 1957 1207 neceffirudinis,
1995 1121 2058 1193 sed
2092 1145 2159 1194 ne·

411 1232 582 1310 celsitatis
611 1231 712 1330 quasi
736 1233 907 1306 vinculis
933 1260 1000 1307 rex
1025 1235 1169 1308 Maiori
1195 1233 1331 1309 domus
1360 1233 1448 1309 esset
1482 1238 1733 1324 coniunctus,
1768 1261 1852 1310 non
1888 1234 2171 1311 difficillimum-

411 1357 502 1429 hnic
529 1377 629 1451 opus
656 1370 746 1439 erat,
774 1368 920 1424 tantam
945 1350 1014 1424 srbi
1041 1353 1144 1457 apud
1168 1336 1296 1453 regem
1323 1379 1540 1451 comparare
1566 1352 1853 1444 auctoritatem,
1888 1375 1934 1428 ut
1958 1354 2074 1453 ipsius
2102 1360 2160 1430 ar·
2185 1378 2200 1440 ,’

413 1474 529 1546 bitrio
556 1471 710 1567 prorsus
736 1495 857 1567 paene
883 1470 1074 1545 obnoxius
1102 1468 1170 1544 esse
1195 1473 1398 1546 videretur.
1451 1473 1561 1577 Licet
1586 1474 1706 1573 igitur
1732 1474 1810 1544 iam
1835 1475 1997 1571 Pippini
2016 1479 2186 1555 Item»

411 1589 571 1687 poribus
598 1588 824 1686 Merovingi
850 1587 963 1673 facile
989 1589 1176 1685 supprimi
1203 1609 1241 1662 et
1265 1577 1384 1688 regali
1417 1590 1501 1664 sedo
1527 1592 1673 1687 privari
1705 1589 1930 1688 potuissent,
1968 1589 2161 1667 difficilior

413 1728 542 1785 tamen
570 1703 619 1780 est
645 1706 884 1802 disceptatio,
911 1723 1042 1779 utrum
1067 1708 1146 1780 iam
1170 1725 1266 1781 tunc
1291 1708 1436 1781 Maiori
1471 1708 1608 1781 domus
1642 1708 1753 1808 regni
1789 1710 2002 1805 occupandi
2036 1709 2160 1807 quod-

417 1828 505 1898 dam
531 1822 756 1902 desiderium
782 1823 824 1895 in
851 1841 1021 1897 mentem
1047 1827 1206 1914 venerit,
1233 1850 1305 1898 nec
1330 1849 1398 1910 ne,
1446 1827 1744 1899 eoncedendum
1770 1824 1857 1898 sane
1890 1822 1958 1915 est,
1996 1826 2162 1922 potuisse

415 1947 509 2024 iam,
530 1963 625 2016 tunc
663 1941 887 2014 huiusmodi
920 1942 1032 2041 regni
1068 1943 1316 2042 cupiditatem
1348 1923 1393 2016 iri
1408 1945 1582 2053 ‘Maiore
1617 1946 1754 2018 domus
1790 1942 1895 2017 oriri.
1958 1946 2161 2021 Excitabat

415 2065 520 2138 enim
556 2063 655 2133 hanc
692 2059 940 2156 cupiditatem
984 2064 1305 2162 Merovingorum
1338 2059 1549 2160 fragilitas,
1603 2064 1806 2136 adiuvabat
1844 2080 1954 2159 atque
1977 2065 2161 2166 *augebat
2199 2162 2204 2169 Ι

417 2182 615 2257 dissolutus
643 2179 809 2252 civitatis
834 2174 968 2267 status,
1003 2180 1252 2253 confirmabat
1288 2181 1540 2277 tuebaturque
1575 2183 1840 2277 exemplorum
1874 2181 1997 2278 copia,
2058 2191 2160 2260 Nam

416 2327 498 2376 non
526 2302 651 2374 solum
676 2298 882 2373 insolentes
909 2317 947 2372 et
973 2299 1197 2373 audacem
1224 2317 1328 2372 tanta
1354 2323 1483 2372 rerum
1519 2300 1806 2394 perturbatione
1832 2301 1946 2372 multi
1981 2300 2019 2372 se
2049 2327 2156 2399 prae
2161 2277 2167 2293 ’

415 2424 585 2506 buerant,
603 2415 800 2512 ¹)verum
827 2421 941 2493 etiam
979 2446 1145 2521 regnum
1182 2421 1310 2518 ipsum
1343 2417 1445 2491 haud
1482 2418 1594 2513 pauci
1625 2419 1703 2490 iam
1736 2406 1882 2491 dudum
1914 2420 2157 2520 Merovingia
2260 2504 2265 2513 ἡ

410 2543 551 2637 eripere
577 2536 721 2632 sibique
746 2537 834 2631 ipsis
859 2538 1065 2622 vindicare,
1095 2561 1325 2633 quamquam
1349 2560 1432 2608 non
1458 2524 1681 2633 prospero
1666 2537 1839 2625 successu,
1869 2539 1996 2610 conati
2025 2542 2157 2616 tamen

411 2676 529 2731 erant.
584 2654 824 2726 Theoderico
860 2658 879 2723 1
913 2653 991 2724 iam
1027 2671 1212 2751 regnante
1237 2653 1489 2728 Mundericus
1516 2656 1628 2754 regni
1654 2654 1856 2752 cupiditati
1881 2652 2039 2730 reststere
2066 2684 2158 2735 ιιοιι

409 2774 539 2873 potuit
547 2800 559 2858 ;
571 2765 604 2862 2)
632 2770 700 2842 sub
728 2769 941 2843 chlodovei
973 2771 1180 2867 nepotibus
1223 2774 1469 2845 Gundobaldi
1501 2773 1680 2870 prorupit
1715 2763 1938 2863 audacia;³)
1975 2768 2157 2851 chloua'a
2222 2758 2233 2767 ’

410 2894 470 2965 rio
504 2897 542 2962 11
575 2913 663 2987 rege
697 2878 989 2986 Rauohingus⁴)
1026 2903 1064 2960 et
1096 2886 1340 2983 Aletheu3,⁶)
1377 2893 1596 2991 Dagoberto
1632 2882 1920 2991 Samagistlus⁶)
1953 2892 2004 2964 'ex
2029 2896 2156 2970 nimia
2197 2950 2202 2961 .

413 3009 524 3110 regni
551 3007 755 3105 cupiditate
779 3031 865 3080 non
894 3004 1084 3080 honorem
1105 3002 1174 3079 fibi
1205 3027 1243 3080 et
1285 3010 1458 3109 gloriam,
1479 3009 1555 3114 'sed
1579 3007 1781 3082 infamiam
1817 3028 1930 3106 atque
1954 3011 2158 3090 interitum

398 3145 693 3227 compararunt.
776 3126 933 3224 Quidni
968 3125 1087 3225 igitur
1129 3129 1327 3222 potuerit
1347 3128 1447 3200 certe
1487 3122 1654 3222 Pippino
1684 3133 1704 3200 1
1736 3129 1847 3227 regni
1890 3129 2123 3227 cupiditas
2110 3158 2158 3208 ιιι

412 3268 581 3322 mentem
607 3243 769 3321 venire?
819 3245 952 3318 Potuit
978 3245 1075 3316 sane.
1127 3245 1179 3317 At
1203 3245 1416 3320 cavendum
1447 3239 1509 3330 est,
1536 3267 1587 3316 ne
1605 3264 1796 3340 putemus,
1819 3271 1902 3319 eam
1932 3246 2041 3353 soille
2026 3250 2157 3393 Pip-

411 3367 499 3465 pini
523 3367 721 3452 virtutem,
753 3388 848 3459 quae
882 3361 929 3435 de
955 3362 1118 3447 allorum
1143 3361 1264 3437 salute
1295 3360 1397 3435 haud
1422 3360 1598 3450 sollicita,
1630 3364 1737 3435 suam
1768 3363 1885 3461 ipfiua
1908 3344 2066 3440 tantu&
2077 3356 2157 3442 trti-
2178 3354 2185 3422 ’-

411 3488 560 3559 litatem
587 3502 698 3579 atque
724 3481 889 3582 gloriam
915 3481 1112 3554 curaverit.
1175 3487 1311 3580 Longe
1337 3481 1424 3554 sanc
1450 3480 1547 3567 alia,
1586 3481 1705 3580 longe
1739 3480 1842 3577 quasi
1879 3483 2043 3559 sanctior
2077 3504 2157 3560 erat
2237 3496 2257 3565 ‘.

412 3603 643 3700 l'ippiniana
667 3601 803 3673 virtus.
856 3604 960 3670 Haec
984 3598 1109 3670 virtus
1136 3598 1335 3694 respuebat
1360 3594 1599 3670 inhonestam
1626 3599 1733 3687 illam
1751 3602 1861 3699 regni
1884 3604 2133 3696 cupiditatem
2141 3633 2155 3693 3

413 3725 502 3795 haec
525 3722 652 3794 -virtus
677 3719 808 3814 potius
835 3714 999 3802 dolebat,
1026 3732 1143 3811 quam
1157 3714 1429 3811 triumphabat
1456 3714 1501 3788 de
1535 3717 1620 3790 labe
1653 3720 1734 3792 eius
1751 3715 1886 3814 stirpis,
1921 3740 1994 3813 qua
2019 3716 2156 3794 'exitiu-

415 3862 493 3929 cta,
522 3837 702 3934 antiquae
735 3839 972 3908 Francorum
1003 3834 1146 3931 gloriae
1171 3834 1252 3930 ipsa
1277 3834 1490 3908 recordatio
1516 3832 1627 3907 timul
1653 3835 1884 3909 evanescere
1897 3852 2010 3932 atque
2039 3837 2157 3912 intera

414 3964 467 4032 ire
504 3958 706 4035 videbatur
712 3979 727 4039 ;
768 3952 860 4024 haec
892 3951 1015 4024 virtut
1059 3952 1261 4025 inclinatas
1296 3953 1618 4051 Merovingorum
1649 3953 1749 4025 vires
1794 3951 2011 4028 resuscitare
2044 3974 2157 4053 atque
2205 3944 2208 3949 ⁵

413 4073 632 4160 restaurare,
651 4097 767 4170 quam
793 4069 1028 4166 supprimere
1054 4086 1166 4166 atque
1204 4071 1326 4142 delere
1350 4065 1575 4162 malebat.⁷)
1631 4066 1771 4165 Quodsi
1797 4071 1985 4166 Pippinus
2011 4074 2158 4172 suppri-

413 4219 513 4267 mere
539 4190 714 4267 voluisiet
739 4189 1006 4286 Merovingos,
1034 4189 1255 4287 Dagoberti,
1283 4187 1352 4286 qui
1377 4188 1546 4284 Pippino
1574 4185 1668 4259 duce
1692 4184 1891 4284 pristinam
1917 4194 2041 4292 gentis
2068 4193 2156 4269 suae

412 4315 598 4385 virtutem
648 4310 872 4383 consecutus
919 4303 1028 4380 fuisse
1080 4304 1299 4394 videbatur,
1319 4297 1353 4398 ⁰)
1400 4331 1555 4405 morum
1605 4306 1874 4403 depravatione
1928 4311 2180 4409 ingeniique·

412 4410 833 4530 perversitate⁹)⁶sacile
860 4423 907 4497 ad
939 4425 1260 4524 Merovingorum
1294 4425 1497 4498 interitum
1531 4443 1570 4497 et
1602 4426 1817 4524 Dagoberti
1851 4430 2013 4502 exitium
2047 4429 2157 4504 abuti
2206 4462 2209 4466 ·

410 4543 600 4649 potuisset.
616 4539 667 4639 ιο)
728 4544 780 4619 At
812 4542 1023 4641 Dtgoberti
1067 4540 1183 4620 temet
1216 4541 1409 4638 deperdita
1433 4543 1568 4627 ¹virtus
1604 4541 1833 4628 acerbissimo
1867 4544 1988 4641 ipsius,
2019 4563 2154 4657 pactuff
