4590 5364
963 402 1016 427 ·“··
1120 387 1191 472 ²49
1294 410 1367 478 “·.

286 581 380 655 tulit,
406 576 494 664 quod
517 598 599 664 quae
621 590 807 663 expugnata
830 573 956 655 elsam,
981 577 1118 642 Carolus
1138 582 1330 662 plerumque
1352 578 1412 646 iis,
1436 577 1494 663 qui
1517 597 1591 639 eum
1614 576 1717 640 secuti
1740 592 1853 652 erant,
1884 592 2037 663 tanquam

285 681 467 755 beneficia,
491 680 655 745 conceffit.
698 681 751 764 lta
775 681 839 740 ism
861 678 931 763 post
952 679 1179 764 proelium'ad
1202 681 1394 742 Vinciacunr
1417 679 1502 740 dixit
1524 696 1609 741 auct.
1632 681 1750 742 rinnel.
1775 680 1889 741 Metto.
1912 684 1934 740 l.
1958 684 1981 741 b
2004 702 2036 762 p.
2097 702 2102 710 ·

286 783 365 865 269:
417 783 583 858 „Karolus
611 804 689 843 rero
712 782 886 866 Princeps,
918 782 1033 845 divino
1064 782 1189 843 auxilio
1212 782 1352 842 victoria
1384 798 1527 895 patrata,
1563 781 1664 865 spolia
1686 781 1936 843 innumerabilia
1964 779 2035 866 [nis

276 883 425 975 fidelibus
459 881 663 946 distribuit·“
685 910 730 927 ·“·
778 884 825 944 Et
852 881 893 943 ad
922 903 1043 942 annum
1072 895 1135 958 753
1158 881 1226 943 ibd·
1248 905 1281 966 p.
1308 896 1386 956 270·
1432 885 1600 957 „lsarolus
1622 883 1777 964 Princeps
1800 905 1934 967 regnum
1956 883 2037 943 Bnr·

283 987 423 1074 guudiae
445 1008 516 1046 cum
539 984 646 1047 aalide
668 1005 765 1044 manu
787 985 992 1067 penetravit,
1026 983 1170 1068 finesque
1192 985 1285 1071 regni
1308 985 1397 1048 illius
1413 928 1561 1071 fidelibus
1578 980 1652 1069 suis
1689 983 1830 1044 Ducibus
1860 982 2035 1066 probatiffi·
2123 1034 2129 1041 .

283 1092 340 1150 mis
369 1088 410 1148 ad
438 1086 611 1170 regendum
641 1084 832 1146 dedit.‘-·
746 1081 769 1114 ‘⁸
885 1086 954 1148 Csr.
989 1083 1120 1168 Fredgr.
1154 1096 1289 1161 ωδ.-
1333 1085 1465 1147 Deinde
1489 1085 1528 1145 ad
1551 1107 1601 1145 nn.
1625 1085 1690 1158 756
1713 1087 1796 1147 Λιιιι.
1820 1087 1935 1147 Metts.
1967 1089 1989 1145 l.
2014 1087 2035 1143 l.

286 1205 367 1266 271:
412 1188 564 1263 „Eodem
587 1206 718 1270 quoque
741 1208 826 1247 anno
843 1187 978 1247 Carolus
999 1186 1156 1269 Princeps
1177 1185 1401 1270 Burgundiam
1425 1187 1517 1259 adiit,
1541 1186 1806 1270 Lugdunumque
1831 1188 1957 1247 Galliae
1979 1208 2032 1244 ur·

281 1294 353 1353 bem
376 1290 615 1359 munitiffinmnr
637 1286 712 1348 suae
735 1286 856 1348 ditioni
879 1286 1018 1371 subegit,
1047 1301 1081 1348 et
1101 1308 1205 1369 usque
1229 1287 1460 1350 Massaliensem
1482 1287 1594 1348 urbem
1626 1301 1658 1348 et
1681 1290 1842 1349 Arelatem
1866 1289 2035 1348 cit-itatem

278 1392 482 1480 penetravit,
501 1386 633 1476 suisque
654 1387 785 1450 ducibus
808 1391 915 1449 omnia
937 1390 970 1451 irr
995 1387 1151 1471 potestate
1173 1388 1301 1449 tradens
1324 1386 1490 1451 adsedem
1512 1389 1716 1473 principatus
1740 1388 1790 1450 sui
1813 1390 1956 1455 feliciter
1987 1409 2036 1448 re·

280 1493 437 1555 meavit.“
457 1519 503 1535 -

367 1592 423 1671 13)
447 1595 516 1656 Csr.
541 1592 663 1656 Chron.
687 1591 800 1656 Isnlor.
824 1591 981 1666 Pacensis,
1004 1593 1062 1653 Du
1082 1589 1210 1653 Cbesne
1233 1590 1260 1659 Ι,
1276 1614 1308 1676 p.
1332 1601 1414 1671 785:
1461 1591 1525 1667 „ln
1548 1591 1706 1676 Hispania
1729 1612 1808 1678 gens
1831 1594 1937 1656 omnis
1961 1594 2038 1652 Ara·

279 1697 352 1758 bica
373 1694 458 1756 sorte
479 1693 576 1756 sociis
600 1694 780 1756 dividendo
810 1684 935 1777 partem
968 1715 1010 1756 ex
1042 1693 1132 1754 omni
1154 1713 1189 1753 re
1212 1693 1326 1754 mobili
1349 1709 1382 1753 et
1405 1693 1565 1754 immobili
1589 1693 1664 1754 fisco
1687 1693 1846 1763 adsociat3
1871 1691 2033 1754 Postremo

285 1792 524 1882 Narbonensem
569 1793 709 1857 Galliam
748 1793 837 1856 suam
885 1795 986 1870 facit,
1036 1808 1234 1882 gentemque
1272 1795 1469 1856 Francorum
1505 1795 1734 1879 frequentibus
1765 1795 1860 1857 bellis
1896 1792 2036 1854 stimulat

281 1898 371 1961 celf‘
394 1928 436 1945 ·-

366 2001 422 2080 14)
445 2001 518 2063 lbd.
543 2001 583 2064 ad
606 2024 659 2063 an.
683 2015 757 2079 73ι.
780 2029 825 2043 -

365 2103 421 2181 15)
443 2104 529 2164 Arm.
548 2103 665 2164 Metts.
682 2106 738 2162 l.l.
730 2125 827 2184 .p
810 2113 890 2174 270:
936 2100 1081 2185 „Ibique
1104 2102 1255 2164 Ecclesiis
1278 2103 1372 2164 Dei'
1364 2123 1439 2187 rgne
1462 2104 1685 2178 concrematis,
1703 2104 1918 2187 plurimisque
1940 2101 2037 2165 Cbri·

279 2203 385 2266 stianis
407 2204 608 2275 interfectis,
639 2222 742 2284 usque
773 2200 813 2260 ad
840 2201 1005 2261 Pictonum
1028 2201 1140 2262 urbem
1163 2203 1306 2284 profecti
1328 2201 1409 2261 suut.
1456 2196 1654 2287 Basilicaeque
1678 2205 1723 2264 St.
1749 2207 1870 2266 Hilarii
1903 2225 2036 2266 concrc-

277 2322 360 2370 meta
383 2304 424 2365 ad
445 2303 617 2365 beatissimi
639 2303 782 2363 Martini
806 2303 968 2362 ecclesiam
992 2302 1237 2362 subvertendam
1260 2301 1383 2363 summo
1407 2307 1577 2366 conamine
1599 2304 1762 2387 proficisci
1795 2303 2034 2367 contendunt.“

363 2406 418 2477 16)
443 2406 514 2466 Csr.
538 2402 673 2464 Annali.
697 2402 813 2462 Metts.
837 2407 859 2461 l.
893 2407 916 2461 l.
940 2401 1070 2484 Fredgr.
1094 2422 1121 2460 c.
1149 2413 1220 2477 tog.
1268 2401 1390 2462 Chron.
1416 2404 1524 2465 Isidor.
1549 2404 1677 2483 Pacens.
1704 2411 1726 2464 l.
1752 2410 1773 2463 l.
1797 2431 1829 2488 p.
1854 2405 1933 2481 786.

364 2539 420 2612 17)
443 2539 553 2599 Huius
575 2537 744 2598 Victorino
768 2540 859 2597 locus
883 2551 950 2596 crat
974 2534 1008 2595 in
1038 2533 1144 2594 Gallia
1171 2532 1384 2621 Narbonenfi,
1421 2535 1508 2597 baud
1538 2539 1634 2599 nimis
1664 2543 1780 2623 procul
1803 2539 1841 2599 ab
1863 2538 1944 2601 urbe
1968 2539 2035 2623 ipsa

281 2640 470 2706 Norbanna·
517 2639 586 2699 Csr.
610 2636 746 2721 Fredgr.
780 2658 808 2698 c.
835 2654 907 2717 109.
952 2639 1069 2697 Arnrrl.
1093 2636 1213 2697 Metts.
1236 2640 1260 2696 l.
1284 2640 1306 2696 l.
1330 2660 1363 2721 p.
1388 2648 1459 2711 27¹·
1483 2669 1524 2681 -

367 2758 422 2837 ¹8)
447 2760 532 2819 Ann-
556 2756 674 2818 Melta.
698 2756 720 2814 l·
745 2723 824 2838 ldp.
850 2768 928 2827 271:
974 2754 1193 2838 „Fugatoque
1216 2752 1297 2815 du'ce
1323 2755 1493 2833 Maroneo,
1518 2761 1575 2843 qui
1599 2760 1760 2844 quondam
1784 2762 1976 2823 Sarracenos
2000 2763 2034 2821 iu

277 2863 351 2926 suae
372 2858 527 2945 persidire
550 2856 709 2918 auxilium
733 2846 928 2931 adsciverat,
953 2855 1076 2919 nullo
1067 2877 1130 2915 ram
1153 2855 1267 2917 relicto
1292 2856 1484 2932 arlsersario,
1509 2850 1610 2922 totam
1634 2863 1722 2922 illam
1744 2864 1911 2948 regionem
1935 2865 2034 2922 Fran·

223 2958 229 2971 ἱ
276 2987 386 3027 ⁰⁰¹¹¹¹¹¹
410 2960 547 3045 ¹¹¹¹P⁰¹¹⁰
570 2955 796 3042 ¹⁰¹¹¹¹b⁸¹¹¹fl
820 2989 861 3000 ·“·
881 2988 927 3005 ····
955 2956 1088 3043 Fredgr.
1112 2978 1139 3017 c.
1166 2974 1303 3039 109.-
1260 2959 1394 3022 -cfa
1418 2960 1458 3022 dc
1482 2960 1534 3024 bis
1557 2964 1708 3026 omnibus
1731 2966 1768 3026 A.
1791 2963 1838 3025 D·
1866 2956 2034 3050 Alteser'ra

281 3067 355 3127 sier.
380 3058 723 3151 Aquitarr.lib.b11,
755 3071 944 3141 c.7-9
1450 3078 1456 3088 .

364 3181 419 3263 19)
444 3181 587 3241 Seriores
598 3173 739 3239 domum
767 3177 807 3237 ils
813 3177 969 3238 rrtesli
992 3199 1173 3263 cognomen
1199 3181 1316 3243 Carolo
1340 3180 1545 3258 tribuerunt,
1578 3200 1611 3246 et
1634 3182 1779 3246 diversae
1802 3184 1876 3246 sunt
1898 3184 2032 3270 scripto·

274 3309 345 3348 rum
375 3283 414 3345 dc
437 3282 535 3343 buius
558 3281 700 3341 nominis
722 3281 850 3366 origine
874 3280 1072 3350 sententiae;
1097 3304 1125 3342 e.
1157 3306 1185 3367 g.
1209 3284 1278 3344 vit.
1303 3283 1350 3344 St.
1375 3286 1572 3371 Rigobcrti,
1596 3289 1654 3350 Du
1685 3284 1813 3348 Cbesne
1836 3289 1874 3361 I,
1911 3311 1942 3370 p.
1966 3298 2031 3367 789

274 3389 323 3450 A:
347 3387 507 3461 „Carolus
524 3383 580 3444 hic
603 3381 645 3442 ob
670 3383 757 3445 feros
780 3383 916 3456 animos,
942 3398 974 3443 et
997 3382 1085 3465 quod
1108 3383 1147 3444 ab
1171 3386 1305 3445 ineunte
1329 3401 1436 3447 aetate
1460 3389 1511 3447 rir
1534 3386 1677 3449 strenuus
1700 3390 1734 3449 in
1759 3391 1856 3451 armis
1878 3404 1911 3450 ct
1933 3389 2031 3451 robu-

273 3487 318 3551 sto
342 3508 477 3570 corpore
501 3484 621 3559 suerit,
651 3483 821 3543 bsorrellns
845 3480 886 3543 est
910 3485 1127 3568 appellatus.“
1160 3484 1282 3559 Contra
1306 3510 1383 3548 vcro
1404 3489 1527 3549 Auctor
1550 3491 1667 3567 Mirac·
1692 3491 1740 3551 St.
1764 3467 1947 3565 Benedicti,
1970 3493 2029 3552 Du

273 3589 403 3661 (iberae
427 3587 487 3658 ΙΙΙ,
511 3608 545 3670 p.
568 3595 632 3664 440
655 3586 701 3647 A:
749 3586 943 3660 „Praeterea
967 3588 1159 3648 Sarracenos
1182 3588 1320 3648 Galliam
1344 3611 1502 3673 occupare
1527 3607 1724 3675 temptantes
1755 3590 1881 3653 duobus
1905 3593 2029 3676 magnis

272 3692 425 3778 proeliis,
450 3710 516 3747 uno
540 3688 574 3746 in
597 3687 775 3770 Aquitania
806 3686 891 3773 apud
913 3690 1094 3749 Pictavium
1118 3690 1305 3764 civitatem,
1329 3695 1430 3752 altero
1455 3709 1563 3752 nutem
1586 3693 1672 3777 apud
1695 3691 1903 3767 Narbonem,
1938 3696 2027 3754 iuxta

272 3789 573 3863 Birramburium,
591 3789 636 3849 ita
660 3787 803 3862 decicit,
827 3804 864 3848 ut
887 3790 921 3848 in
945 3789 1135 3872 Hispaniam
1159 3814 1214 3853 cos
1239 3791 1344 3853 redire
1367 3798 1589 3878 compelleret.
1636 3795 1854 3880 Quamobrem
1878 3818 1947 3855 cnm
1970 3793 2028 3854 ad·

271 3890 468 3978 versantibus
493 3890 669 3951 nullatenus
694 3889 803 3950 cedere
819 3886 940 3975 sciret,
963 3892 1103 3976 nulsione
1123 3917 1272 3975 parcere:
1309 3895 1363 3955 diu
1393 3922 1413 3955 a
1442 3894 1575 3981 posteris
1605 3897 1779 3958 Tadlres
1813 3896 1854 3955 ab
1888 3915 1958 3956 actu
1981 3920 2026 3960 ro

274 4019 344 4058 rum
360 3992 485 4081 scilicet
507 4016 664 4073 agnomen
687 3992 832 4074 indeptus
853 3991 906 4076 eft.
958 3993 1135 4054 'sedites
1168 3998 1249 4055 enim
1272 3997 1380 4056 mallei
1400 3997 1553 4056 ‘dicuntur
1570 3994 1765 4086 fabrorum,
1802 4022 1934 4084 qnorum
1958 4001 2025 4056 icti·

274 4096 329 4159 bns
353 4113 464 4155 cuncta
486 4098 636 4155 atteritur
659 4092 828 4156 dwicier.“
850 4124 895 4137 -
938 4091 1009 4156 cfr.
1044 4097 1095 4155 Dn
1123 4098 1199 4162 Bois
1220 4096 1300 4158 nist.
1325 4097 1437 4159 ercses.
1460 4099 1562 4160 Paris.
1586 4105 1607 4160 1.
1630 4109 1663 4177 4,
1688 4123 1714 4161 c.
1739 4111 1781 4176 8,
1804 4121 1838 4183 p.
1865 4117 1945 4160 221:
1969 4100 2026 4159 nbi

272 4199 312 4263 de
334 4197 444 4260 charta
474 4197 610 4279 quadam
633 4194 764 4260 Caroli:
808 4197 954 4271 „Charta
977 4198 1018 4257 sic
1042 4198 1179 4280 incipit:
1224 4200 1356 4278 „„Ego
1388 4200 1516 4283 inlnfter
1546 4205 1599 4261 m‘r
1633 4201 1748 4261 Carlas
1785 4202 1937 4262 ,lsaiorim
1970 4201 2025 4261 do·

269 4326 350 4375 mus,
367 4300 457 4388 filins
483 4297 681 4379 Pippini.““
711 4298 939 4360 Nihilominus
961 4301 1032 4361 eius
1054 4297 1200 4381 sepulcro
1223 4299 1303 4359 brec
1328 4300 1481 4384 inscripta
1504 4307 1672 4386 leguntur:
1697 4301 1834 4364 Carolus
1853 4305 2024 4365 Martellnr

269 4407 353 4468 Rex·
385 4400 447 4462 Sed
469 4399 551 4461 baeu
572 4399 756 4459 recentiora
778 4396 851 4472 else,
875 4421 917 4460 ex
938 4399 1001 4462 boc
1024 4400 1164 4482 colligo:
1190 4422 1327 4482 namque
1349 4402 1486 4487 l'alefinr
1505 4404 1612 4477 tradit,
1637 4407 1799 4467 neminem
1818 4405 1850 4468 se.
1872 4402 2023 4489 reperisse

267 4504 476 4581 vetustiorem
504 4499 694 4584 Kepidnrmo
716 4513 750 4560 et
778 4499 951 4562 Odoranno
974 4499 1182 4563 monacbis
1183 4502 1240 4585 qui
1262 4519 1417 4588 regnante
1440 4505 1524 4590 spud
1546 4508 1687 4570 Francos
1715 4507 1863 4582 isenrico,
1887 4507 2023 4571 sinberti

270 4603 363 4686 filiu„
383 4605 584 4682 flammant,
620 4605 679 4690 qui
700 4599 855 4667 carolum
892 4547 1315 4676 Marteslnrldixeritt
1348 4605 1423 4669 illos
1455 4605 1576 4672 deiude
1615 4607 1841 4686 Lambertarst,
1874 4608 2022 4681 Leonem,
