<?xml version="1.0" encoding="UTF-8"?>
<!DOCTYPE html PUBLIC "-//W3C//DTD XHTML 1.0 Transitional//EN"
    "http://www.w3.org/TR/xhtml1/DTD/xhtml1-transitional.dtd">
<html xmlns="http://www.w3.org/1999/xhtml" xml:lang="en" lang="en">
 <head>
  <title>
</title>
<meta http-equiv="Content-Type" content="text/html;charset=utf-8" />
  <meta name='ocr-system' content='tesseract 3.04.00' />
  <meta name='ocr-capabilities' content='ocr_page ocr_carea ocr_par ocr_line ocrx_word'/>
</head>
<body>
  <div class='ocr_page' id='page_1' title='image "./commentatiohist00zinkgoog_0019.png"; bbox 0 0 4590 5364; ppageno 0'>
   <div class='ocr_carea' id='block_1_1' title="bbox 1144 326 1500 379">
    <p class='ocr_par' dir='ltr' id='par_1_1' title="bbox 1144 326 1500 379">
     <span class='ocr_line' id='line_1_1' title="bbox 1144 326 1500 379; baseline 0.003 -16"><span class='ocrx_word' id='word_1_1' title='bbox 1144 326 1500 379; x_wconf 77' lang='lat'><strong>..10-</strong></span> 
     </span>
    </p>
   </div>
   <div class='ocr_carea' id='block_1_2' title="bbox 452 500 2291 611">
    <p class='ocr_par' dir='ltr' id='par_1_2' title="bbox 452 500 2291 611">
     <span class='ocr_line' id='line_1_2' title="bbox 452 500 2291 611; baseline 0.003 -19"><span class='ocrx_word' id='word_1_2' title='bbox 452 515 659 593; x_wconf 87' lang='lat' dir='ltr'>Domestici</span> <span class='ocrx_word' id='word_1_3' title='bbox 684 542 829 591; x_wconf 86' lang='lat' dir='ltr'>nomen</span> <span class='ocrx_word' id='word_1_4' title='bbox 856 513 1024 588; x_wconf 88' lang='lat' dir='ltr'>indicare</span> <span class='ocrx_word' id='word_1_5' title='bbox 1050 514 1138 588; x_wconf 90' lang='lat' dir='ltr'>satis</span> <span class='ocrx_word' id='word_1_6' title='bbox 1164 508 1326 603; x_wconf 82' lang='lat' dir='ltr'>videtur,</span> <span class='ocrx_word' id='word_1_7' title='bbox 1355 500 1468 589; x_wconf 84' lang='lat' dir='ltr'>talem</span> <span class='ocrx_word' id='word_1_8' title='bbox 1495 513 1603 590; x_wconf 84' lang='lat' dir='ltr'>fuisse</span> <span class='ocrx_word' id='word_1_9' title='bbox 1630 521 1744 596; x_wconf 89' lang='lat' dir='ltr'>huius</span> <span class='ocrx_word' id='word_1_10' title='bbox 1771 519 2027 596; x_wconf 79' lang='lat' dir='ltr'>ministerialis</span> <span class='ocrx_word' id='word_1_11' title='bbox 2056 548 2195 611; x_wconf 87' lang='lat' dir='ltr'>curam,</span> <span class='ocrx_word' id='word_1_12' title='bbox 2285 568 2291 577; x_wconf 92' lang='lat'><strong>·</strong></span> 
     </span>
    </p>
   </div>
   <div class='ocr_carea' id='block_1_3' title="bbox 255 604 2196 752">
    <p class='ocr_par' dir='ltr' id='par_1_3' title="bbox 255 604 2196 752">
     <span class='ocr_line' id='line_1_3' title="bbox 255 604 2196 752; baseline 0.003 -42"><span class='ocrx_word' id='word_1_13' title='bbox 255 634 271 739; x_wconf 28' lang='lat'>&#39;-</span> <span class='ocrx_word' id='word_1_14' title='bbox 357 658 359 662; x_wconf 69' lang='lat'><strong><em>‘</em></strong></span> <span class='ocrx_word' id='word_1_15' title='bbox 453 665 548 735; x_wconf 89' lang='lat' dir='ltr'>quae</span> <span class='ocrx_word' id='word_1_16' title='bbox 584 640 784 752; x_wconf 83' lang='lat' dir='ltr'>praecipue</span> <span class='ocrx_word' id='word_1_17' title='bbox 819 637 865 706; x_wconf 92' lang='lat' dir='ltr'>ad</span> <span class='ocrx_word' id='word_1_18' title='bbox 901 604 1064 705; x_wconf 88' lang='lat' dir='ltr'>domum</span> <span class='ocrx_word' id='word_1_19' title='bbox 1076 635 1243 733; x_wconf 90' lang='lat' dir='ltr'>regiam</span> <span class='ocrx_word' id='word_1_20' title='bbox 1269 651 1307 705; x_wconf 89' lang='lat' dir='ltr'>et</span> <span class='ocrx_word' id='word_1_21' title='bbox 1344 659 1426 705; x_wconf 90' lang='lat' dir='ltr'>rem</span> <span class='ocrx_word' id='word_1_22' title='bbox 1454 634 1694 711; x_wconf 73' lang='lat' dir='ltr'>domesticam</span> <span class='ocrx_word' id='word_1_23' title='bbox 1720 635 1971 737; x_wconf 82' lang='lat' dir='ltr'>spectaverit⁶</span> <span class='ocrx_word' id='word_1_24' title='bbox 1970 648 2000 737; x_wconf 61' lang='lat'>)‚</span> <span class='ocrx_word' id='word_1_25' title='bbox 2056 646 2196 715; x_wconf 88' lang='lat' dir='ltr'>Omnes</span> 
     </span>
    </p>
   </div>
   <div class='ocr_carea' id='block_1_4' title="bbox 403 722 2204 1585">
    <p class='ocr_par' dir='ltr' id='par_1_4' title="bbox 403 722 2204 1564">
     <span class='ocr_line' id='line_1_4' title="bbox 453 722 2199 851; baseline -0.003 -17"><span class='ocrx_word' id='word_1_26' title='bbox 453 781 544 834; x_wconf 79' lang='lat' dir='ltr'>vero</span> <span class='ocrx_word' id='word_1_27' title='bbox 573 756 706 842; x_wconf 90' lang='lat' dir='ltr'>ceteri,</span> <span class='ocrx_word' id='word_1_28' title='bbox 743 753 964 851; x_wconf 90' lang='lat' dir='ltr'>quicunque</span> <span class='ocrx_word' id='word_1_29' title='bbox 990 722 1137 825; x_wconf 81' lang='lat' dir='ltr'>fuerint</span> <span class='ocrx_word' id='word_1_30' title='bbox 1162 753 1348 851; x_wconf 89' lang='lat' dir='ltr'>regalium</span> <span class='ocrx_word' id='word_1_31' title='bbox 1374 753 1554 827; x_wconf 87' lang='lat' dir='ltr'>villarum</span> <span class='ocrx_word' id='word_1_32' title='bbox 1579 754 1767 847; x_wconf 88' lang='lat' dir='ltr'>ministri,</span> <span class='ocrx_word' id='word_1_33' title='bbox 1802 757 2027 832; x_wconf 87' lang='lat' dir='ltr'>Domesticis</span> <span class='ocrx_word' id='word_1_34' title='bbox 2055 759 2199 832; x_wconf 89' lang='lat' dir='ltr'>subditi</span> 
     </span>
     <span class='ocr_line' id='line_1_5' title="bbox 454 860 2199 972; baseline 0 -24"><span class='ocrx_word' id='word_1_35' title='bbox 454 868 565 948; x_wconf 84' lang='lat' dir='ltr'>fuisse</span> <span class='ocrx_word' id='word_1_36' title='bbox 592 860 792 959; x_wconf 86' lang='lat' dir='ltr'>videntur,</span> <span class='ocrx_word' id='word_1_37' title='bbox 821 873 896 956; x_wconf 90' lang='lat' dir='ltr'>ita,</span> <span class='ocrx_word' id='word_1_38' title='bbox 932 889 995 957; x_wconf 90' lang='lat' dir='ltr'>ut,</span> <span class='ocrx_word' id='word_1_39' title='bbox 1030 868 1169 945; x_wconf 83' lang='lat' dir='ltr'>stnon</span> <span class='ocrx_word' id='word_1_40' title='bbox 1197 871 1411 943; x_wconf 84' lang='lat' dir='ltr'>Comitibus</span> <span class='ocrx_word' id='word_1_41' title='bbox 1439 868 1527 967; x_wconf 84' lang='lat' dir='ltr'>ipsis</span> <span class='ocrx_word' id='word_1_42' title='bbox 1554 874 1758 972; x_wconf 74' lang='lat' dir='ltr'>praepositi</span> <span class='ocrx_word' id='word_1_43' title='bbox 1783 874 1949 964; x_wconf 85' lang='lat' dir='ltr'>suerint,</span> <span class='ocrx_word' id='word_1_44' title='bbox 1985 902 2118 950; x_wconf 89' lang='lat' dir='ltr'>eorum</span> <span class='ocrx_word' id='word_1_45' title='bbox 2144 895 2199 948; x_wconf 90' lang='lat' dir='ltr'>ta</span> 
     </span>
     <span class='ocr_line' id='line_1_6' title="bbox 451 974 2198 1117; baseline 0.001 -52"><span class='ocrx_word' id='word_1_46' title='bbox 451 1018 540 1073; x_wconf 86' lang='lat' dir='ltr'>men</span> <span class='ocrx_word' id='word_1_47' title='bbox 569 974 735 1117; x_wconf 81' lang='lat' dir='ltr'>dignitas</span> <span class='ocrx_word' id='word_1_48' title='bbox 764 988 893 1061; x_wconf 87' lang='lat' dir='ltr'>eadem</span> <span class='ocrx_word' id='word_1_49' title='bbox 920 988 1026 1076; x_wconf 89' lang='lat' dir='ltr'>fere,</span> <span class='ocrx_word' id='word_1_50' title='bbox 1039 1007 1150 1084; x_wconf 89' lang='lat' dir='ltr'>atque</span> <span class='ocrx_word' id='word_1_51' title='bbox 1178 990 1373 1098; x_wconf 82' lang='lat' dir='ltr'>Comitum</span> <span class='ocrx_word' id='word_1_52' title='bbox 1399 989 1571 1061; x_wconf 91' lang='lat' dir='ltr'>habenda</span> <span class='ocrx_word' id='word_1_53' title='bbox 1597 990 1652 1065; x_wconf 87' lang='lat' dir='ltr'>sit.</span> <span class='ocrx_word' id='word_1_54' title='bbox 1700 996 1905 1094; x_wconf 83' lang='lat' dir='ltr'>Gregorius</span> <span class='ocrx_word' id='word_1_55' title='bbox 1933 996 2038 1067; x_wconf 89' lang='lat' dir='ltr'>euim</span> <span class='ocrx_word' id='word_1_56' title='bbox 2064 1019 2129 1068; x_wconf 90' lang='lat' dir='ltr'>eos</span> <span class='ocrx_word' id='word_1_57' title='bbox 2156 984 2198 1067; x_wconf 87' lang='lat' dir='ltr'>fi-</span> 
     </span>
     <span class='ocr_line' id='line_1_7' title="bbox 451 1095 2199 1229; baseline -0.003 -42"><span class='ocrx_word' id='word_1_58' title='bbox 451 1114 535 1229; x_wconf 80' lang='lat' dir='ltr'>mul</span> <span class='ocrx_word' id='word_1_59' title='bbox 557 1135 645 1217; x_wconf 86' lang='lat' dir='ltr'>cum</span> <span class='ocrx_word' id='word_1_60' title='bbox 653 1095 884 1205; x_wconf 81' lang='lat' dir='ltr'>comitibus</span> <span class='ocrx_word' id='word_1_61' title='bbox 905 1107 1009 1179; x_wconf 90' lang='lat' dir='ltr'>idem</span> <span class='ocrx_word' id='word_1_62' title='bbox 1034 1107 1238 1207; x_wconf 84' lang='lat' dir='ltr'>negotium</span> <span class='ocrx_word' id='word_1_63' title='bbox 1264 1103 1413 1179; x_wconf 87' lang='lat' dir='ltr'>subiisse</span> <span class='ocrx_word' id='word_1_64' title='bbox 1431 1108 1576 1219; x_wconf 81' lang='lat' dir='ltr'>saepius</span> <span class='ocrx_word' id='word_1_65' title='bbox 1595 1126 1722 1185; x_wconf 89' lang='lat' dir='ltr'>narrat</span> <span class='ocrx_word' id='word_1_66' title='bbox 1742 1109 1788 1204; x_wconf 93' lang='lat'>⁷).</span> <span class='ocrx_word' id='word_1_67' title='bbox 1843 1115 2009 1187; x_wconf 86' lang='lat' dir='ltr'>Maiores</span> <span class='ocrx_word' id='word_1_68' title='bbox 2029 1112 2199 1223; x_wconf 84' lang='lat' dir='ltr'>quidem,</span> 
     </span>
     <span class='ocr_line' id='line_1_8' title="bbox 453 1200 2200 1347; baseline -0.003 -42"><span class='ocrx_word' id='word_1_69' title='bbox 453 1233 520 1333; x_wconf 90' lang='lat' dir='ltr'>qui</span> <span class='ocrx_word' id='word_1_70' title='bbox 547 1247 745 1316; x_wconf 88' lang='lat' dir='ltr'>vocantur,</span> <span class='ocrx_word' id='word_1_71' title='bbox 773 1200 982 1301; x_wconf 89' lang='lat' dir='ltr'>inferioris</span> <span class='ocrx_word' id='word_1_72' title='bbox 995 1223 1083 1297; x_wconf 90' lang='lat' dir='ltr'>sane</span> <span class='ocrx_word' id='word_1_73' title='bbox 1109 1224 1269 1299; x_wconf 85' lang='lat' dir='ltr'>fuemnt</span> <span class='ocrx_word' id='word_1_74' title='bbox 1296 1225 1461 1336; x_wconf 80' lang='lat' dir='ltr'>ordinis,</span> <span class='ocrx_word' id='word_1_75' title='bbox 1485 1252 1599 1323; x_wconf 91' lang='lat' dir='ltr'>quam</span> <span class='ocrx_word' id='word_1_76' title='bbox 1626 1217 1832 1318; x_wconf 80' lang='lat' dir='ltr'>domestici,</span> <span class='ocrx_word' id='word_1_77' title='bbox 1859 1250 1904 1303; x_wconf 92' lang='lat' dir='ltr'>ut</span> <span class='ocrx_word' id='word_1_78' title='bbox 1931 1258 1978 1304; x_wconf 88' lang='lat' dir='ltr'>ex</span> <span class='ocrx_word' id='word_1_79' title='bbox 1993 1232 2089 1347; x_wconf 88' lang='lat' dir='ltr'>legis</span> <span class='ocrx_word' id='word_1_80' title='bbox 2105 1237 2200 1303; x_wconf 88' lang='lat' dir='ltr'>Bur·</span> 
     </span>
     <span class='ocr_line' id='line_1_9' title="bbox 403 1326 2200 1451; baseline -0.004 -26"><span class='ocrx_word' id='word_1_81' title='bbox 403 1419 409 1425; x_wconf 94' lang='lat'>.</span> <span class='ocrx_word' id='word_1_82' title='bbox 449 1348 699 1451; x_wconf 85' lang='lat' dir='ltr'>&#39;gundionum</span> <span class='ocrx_word' id='word_1_83' title='bbox 725 1326 973 1445; x_wconf 80' lang='lat' dir='ltr'>praefatione,</span> <span class='ocrx_word' id='word_1_84' title='bbox 1003 1371 1076 1442; x_wconf 90' lang='lat' dir='ltr'>qua</span> <span class='ocrx_word' id='word_1_85' title='bbox 1103 1341 1316 1416; x_wconf 86' lang='lat' dir='ltr'>domesticis</span> <span class='ocrx_word' id='word_1_86' title='bbox 1343 1330 1633 1442; x_wconf 89' lang='lat' dir='ltr'>postponuntur,</span> <span class='ocrx_word' id='word_1_87' title='bbox 1662 1348 1749 1422; x_wconf 88' lang='lat' dir='ltr'>satis</span> <span class='ocrx_word' id='word_1_88' title='bbox 1772 1340 1987 1446; x_wconf 79' lang='lat' dir='ltr'>apparet⁸.)</span> <span class='ocrx_word' id='word_1_89' title='bbox 2025 1342 2105 1420; x_wconf 91' lang='lat' dir='ltr'>Nec</span> <span class='ocrx_word' id='word_1_90' title='bbox 2132 1347 2200 1418; x_wconf 90' lang='lat' dir='ltr'>do·</span> 
     </span>
     <span class='ocr_line' id='line_1_10' title="bbox 451 1458 2204 1585; baseline -0.003 -44"><span class='ocrx_word' id='word_1_91' title='bbox 451 1464 595 1541; x_wconf 87' lang='lat' dir='ltr'>mestici</span> <span class='ocrx_word' id='word_1_92' title='bbox 630 1495 677 1540; x_wconf 87' lang='lat' dir='ltr'>ex</span> <span class='ocrx_word' id='word_1_93' title='bbox 710 1467 915 1585; x_wconf 85' lang='lat' dir='ltr'>mancipiis</span> <span class='ocrx_word' id='word_1_94' title='bbox 952 1481 1080 1551; x_wconf 88' lang='lat' dir='ltr'>erant,</span> <span class='ocrx_word' id='word_1_95' title='bbox 1126 1458 1295 1560; x_wconf 87' lang='lat' dir='ltr'>quorum</span> <span class='ocrx_word' id='word_1_96' title='bbox 1331 1462 1480 1553; x_wconf 87' lang='lat' dir='ltr'>ordini,</span> <span class='ocrx_word' id='word_1_97' title='bbox 1523 1462 1551 1538; x_wconf 89' lang='lat' dir='ltr'>si</span> <span class='ocrx_word' id='word_1_98' title='bbox 1589 1468 1753 1540; x_wconf 91' lang='lat' dir='ltr'>omnino</span> <span class='ocrx_word' id='word_1_99' title='bbox 1788 1469 1834 1540; x_wconf 93' lang='lat' dir='ltr'>de</span> <span class='ocrx_word' id='word_1_100' title='bbox 1874 1468 2009 1540; x_wconf 88' lang='lat' dir='ltr'>ordine</span> <span class='ocrx_word' id='word_1_101' title='bbox 2036 1466 2204 1563; x_wconf 85' lang='lat' dir='ltr'>quodam</span> 
     </span>
    </p>
   </div>
   <div class='ocr_carea' id='block_1_5' title="bbox 327 1574 2202 1691">
    <p class='ocr_par' dir='ltr' id='par_1_5' title="bbox 327 1574 2202 1691">
     <span class='ocr_line' id='line_1_11' title="bbox 327 1574 2202 1691; baseline -0.005 -26"><span class='ocrx_word' id='word_1_102' title='bbox 327 1659 331 1665; x_wconf 89' lang='lat'>.</span> <span class='ocrx_word' id='word_1_103' title='bbox 453 1574 741 1684; x_wconf 78' lang='lat' dir='ltr'>mancipiorum</span> <span class='ocrx_word' id='word_1_104' title='bbox 762 1586 873 1681; x_wconf 92' lang='lat' dir='ltr'>loqui</span> <span class='ocrx_word' id='word_1_105' title='bbox 897 1583 1028 1671; x_wconf 88' lang='lat' dir='ltr'>liceat,</span> <span class='ocrx_word' id='word_1_106' title='bbox 1066 1583 1235 1655; x_wconf 84' lang='lat' dir='ltr'>Maiores</span> <span class='ocrx_word' id='word_1_107' title='bbox 1262 1579 1444 1656; x_wconf 89' lang='lat' dir='ltr'>villarum</span> <span class='ocrx_word' id='word_1_108' title='bbox 1470 1584 1678 1691; x_wconf 85' lang='lat' dir='ltr'>adscriptos</span> <span class='ocrx_word' id='word_1_109' title='bbox 1704 1582 1833 1672; x_wconf 83' lang='lat' dir='ltr'>fuisse,</span> <span class='ocrx_word' id='word_1_110' title='bbox 1862 1586 2031 1684; x_wconf 86' lang='lat' dir='ltr'>exlegis</span> <span class='ocrx_word' id='word_1_111' title='bbox 2059 1582 2202 1656; x_wconf 76' lang='lat' dir='ltr'>salicae</span> 
     </span>
    </p>
   </div>
   <div class='ocr_carea' id='block_1_6' title="bbox 366 1693 2293 3214">
    <p class='ocr_par' dir='ltr' id='par_1_6' title="bbox 406 1693 2293 2975">
     <span class='ocr_line' id='line_1_12' title="bbox 406 1693 2214 1800; baseline 0 -25"><span class='ocrx_word' id='word_1_112' title='bbox 406 1788 411 1797; x_wconf 21' lang='grc' dir='ltr'>ἱ</span> <span class='ocrx_word' id='word_1_113' title='bbox 452 1698 568 1795; x_wconf 84' lang='lat' dir='ltr'>titulo</span> <span class='ocrx_word' id='word_1_114' title='bbox 595 1705 668 1790; x_wconf 86' lang='lat' dir='ltr'>„de</span> <span class='ocrx_word' id='word_1_115' title='bbox 693 1701 929 1795; x_wconf 84' lang='lat' dir='ltr'>Mancipiis‘⁴</span> <span class='ocrx_word' id='word_1_116' title='bbox 955 1700 1132 1773; x_wconf 86' lang='lat' dir='ltr'>videmus</span> <span class='ocrx_word' id='word_1_117' title='bbox 1151 1693 1199 1788; x_wconf 80' lang='lat'>⁹).</span> <span class='ocrx_word' id='word_1_118' title='bbox 1257 1706 1398 1775; x_wconf 85' lang='lat' dir='ltr'>Contra</span> <span class='ocrx_word' id='word_1_119' title='bbox 1424 1704 1554 1795; x_wconf 91' lang='lat' dir='ltr'>potius</span> <span class='ocrx_word' id='word_1_120' title='bbox 1582 1703 1630 1774; x_wconf 90' lang='lat' dir='ltr'>ad</span> <span class='ocrx_word' id='word_1_121' title='bbox 1667 1705 1800 1776; x_wconf 91' lang='lat' dir='ltr'>omnia</span> <span class='ocrx_word' id='word_1_122' title='bbox 1842 1705 2037 1777; x_wconf 90' lang='lat' dir='ltr'>honorum</span> <span class='ocrx_word' id='word_1_123' title='bbox 2065 1698 2214 1800; x_wconf 62' lang='lat' dir='ltr'>gener?</span> 
     </span>
     <span class='ocr_line' id='line_1_13' title="bbox 452 1808 2203 1921; baseline 0.001 -29"><span class='ocrx_word' id='word_1_124' title='bbox 452 1823 577 1921; x_wconf 80' lang='lat' dir='ltr'>aditus</span> <span class='ocrx_word' id='word_1_125' title='bbox 603 1822 651 1890; x_wconf 93' lang='lat' dir='ltr'>iis</span> <span class='ocrx_word' id='word_1_126' title='bbox 678 1813 837 1913; x_wconf 81' lang='lat' dir='ltr'>patuisse</span> <span class='ocrx_word' id='word_1_127' title='bbox 863 1814 1014 1885; x_wconf 89' lang='lat' dir='ltr'>videtur</span> <span class='ocrx_word' id='word_1_128' title='bbox 1029 1808 1093 1903; x_wconf 69' lang='lat'>1⁰).</span> <span class='ocrx_word' id='word_1_129' title='bbox 1135 1809 1268 1905; x_wconf 69' lang='lat' dir='ltr'>Quid?</span> <span class='ocrx_word' id='word_1_130' title='bbox 1296 1813 1400 1907; x_wconf 91' lang='lat' dir='ltr'>quod</span> <span class='ocrx_word' id='word_1_131' title='bbox 1427 1830 1532 1884; x_wconf 90' lang='lat' dir='ltr'>tanta</span> <span class='ocrx_word' id='word_1_132' title='bbox 1559 1830 1638 1887; x_wconf 84' lang='lat' dir='ltr'>erat</span> <span class='ocrx_word' id='word_1_133' title='bbox 1663 1843 1798 1891; x_wconf 90' lang='lat' dir='ltr'>eorum</span> <span class='ocrx_word' id='word_1_134' title='bbox 1825 1814 1998 1914; x_wconf 82' lang='lat' dir='ltr'>potestas,</span> <span class='ocrx_word' id='word_1_135' title='bbox 2028 1838 2074 1891; x_wconf 89' lang='lat' dir='ltr'>ut</span> <span class='ocrx_word' id='word_1_136' title='bbox 2098 1837 2203 1891; x_wconf 85' lang='lat' dir='ltr'>totae</span> 
     </span>
     <span class='ocr_line' id='line_1_14' title="bbox 453 1912 2202 2032; baseline -0.001 -23"><span class='ocrx_word' id='word_1_137' title='bbox 453 1934 541 2010; x_wconf 82' lang='lat' dir='ltr'>fere&#39;¹</span> <span class='ocrx_word' id='word_1_138' title='bbox 557 1935 780 2032; x_wconf 83' lang='lat' dir='ltr'>provinciae</span> <span class='ocrx_word' id='word_1_139' title='bbox 807 1931 856 2005; x_wconf 88' lang='lat' dir='ltr'>iis</span> <span class='ocrx_word' id='word_1_140' title='bbox 878 1927 1068 2028; x_wconf 74' lang='lat' dir='ltr'>‚regendae</span> <span class='ocrx_word' id='word_1_141' title='bbox 1096 1927 1456 2002; x_wconf 72' lang='lat' dir='ltr'>committerentur?</span> <span class='ocrx_word' id='word_1_142' title='bbox 1497 1936 1598 2002; x_wconf 90' lang='lat' dir='ltr'>Nam</span> <span class='ocrx_word' id='word_1_143' title='bbox 1624 1929 1669 2001; x_wconf 89' lang='lat' dir='ltr'>de</span> <span class='ocrx_word' id='word_1_144' title='bbox 1695 1932 1875 2022; x_wconf 80' lang='lat' dir='ltr'>Arnulfo,</span> <span class='ocrx_word' id='word_1_145' title='bbox 1902 1935 1985 2030; x_wconf 89' lang='lat' dir='ltr'>post</span> <span class='ocrx_word' id='word_1_146' title='bbox 2011 1912 2202 2032; x_wconf 84' lang='lat' dir='ltr'>Episcopo</span> 
     </span>
     <span class='ocr_line' id='line_1_15' title="bbox 453 2043 2202 2152; baseline -0.002 -25"><span class='ocrx_word' id='word_1_147' title='bbox 453 2052 654 2152; x_wconf 66' lang='lat' dir='ltr'>Mettensi,</span> <span class='ocrx_word' id='word_1_148' title='bbox 691 2051 891 2146; x_wconf 89' lang='lat' dir='ltr'>scriptores</span> <span class='ocrx_word' id='word_1_149' title='bbox 926 2047 1118 2134; x_wconf 86' lang='lat' dir='ltr'>referunt,</span> <span class='ocrx_word' id='word_1_150' title='bbox 1147 2072 1235 2118; x_wconf 91' lang='lat' dir='ltr'>eum</span> <span class='ocrx_word' id='word_1_151' title='bbox 1268 2043 1477 2118; x_wconf 90' lang='lat' dir='ltr'>Domestici</span> <span class='ocrx_word' id='word_1_152' title='bbox 1516 2046 1685 2121; x_wconf 89' lang='lat' dir='ltr'>officium</span> <span class='ocrx_word' id='word_1_153' title='bbox 1711 2049 1779 2122; x_wconf 91' lang='lat' dir='ltr'>sub</span> <span class='ocrx_word' id='word_1_154' title='bbox 1816 2051 2086 2127; x_wconf 89' lang='lat' dir='ltr'>Theodoberto</span> <span class='ocrx_word' id='word_1_155' title='bbox 2114 2078 2202 2151; x_wconf 84' lang='lat' dir='ltr'>rege</span> 
     </span>
     <span class='ocr_line' id='line_1_16' title="bbox 452 2163 2293 2269; baseline -0.002 -23"><span class='ocrx_word' id='word_1_156' title='bbox 452 2170 656 2246; x_wconf 68' lang='lat' dir='ltr'>austrasiae</span> <span class='ocrx_word' id='word_1_157' title='bbox 692 2166 846 2268; x_wconf 78' lang='lat' dir='ltr'>gessisse,</span> <span class='ocrx_word' id='word_1_158' title='bbox 882 2167 1123 2263; x_wconf 86' lang='lat' dir='ltr'>procurando</span> <span class='ocrx_word' id='word_1_159' title='bbox 1151 2164 1296 2237; x_wconf 90' lang='lat' dir='ltr'>scilicet</span> <span class='ocrx_word' id='word_1_160' title='bbox 1322 2163 1385 2237; x_wconf 86' lang='lat' dir='ltr'>sex</span> <span class='ocrx_word' id='word_1_161' title='bbox 1409 2164 1523 2257; x_wconf 75' lang='lat' dir='ltr'>villas</span> <span class='ocrx_word' id='word_1_162' title='bbox 1559 2169 1693 2266; x_wconf 85' lang='lat' dir='ltr'>regias,</span> <span class='ocrx_word' id='word_1_163' title='bbox 1735 2194 1829 2265; x_wconf 90' lang='lat' dir='ltr'>quae</span> <span class='ocrx_word' id='word_1_164' title='bbox 1853 2166 1938 2265; x_wconf 87' lang='lat' dir='ltr'>post</span> <span class='ocrx_word' id='word_1_165' title='bbox 1963 2195 2052 2242; x_wconf 90' lang='lat' dir='ltr'>eum</span> <span class='ocrx_word' id='word_1_166' title='bbox 2076 2170 2204 2269; x_wconf 88' lang='lat' dir='ltr'>singu·</span> <span class='ocrx_word' id='word_1_167' title='bbox 2254 2207 2293 2225; x_wconf 49' lang='grc' dir='ltr'>-ι</span> 
     </span>
     <span class='ocr_line' id='line_1_17' title="bbox 452 2270 2204 2385; baseline -0.002 -22"><span class='ocrx_word' id='word_1_168' title='bbox 452 2270 484 2363; x_wconf 85' lang='lat' dir='ltr'>li</span> <span class='ocrx_word' id='word_1_169' title='bbox 510 2286 717 2363; x_wconf 86' lang='lat' dir='ltr'>Domestici</span> <span class='ocrx_word' id='word_1_170' title='bbox 743 2281 1091 2360; x_wconf 88' lang='lat' dir='ltr'>administraverint</span> <span class='ocrx_word' id='word_1_171' title='bbox 1105 2279 1169 2376; x_wconf 84' lang='lat'>11).</span> <span class='ocrx_word' id='word_1_172' title='bbox 1209 2288 1502 2359; x_wconf 80' lang='lat' dir='ltr'>Verumtamen</span> <span class='ocrx_word' id='word_1_173' title='bbox 1521 2281 1731 2359; x_wconf 87' lang='lat' dir='ltr'>Domestici</span> <span class='ocrx_word' id='word_1_174' title='bbox 1754 2312 1838 2360; x_wconf 90' lang='lat' dir='ltr'>non</span> <span class='ocrx_word' id='word_1_175' title='bbox 1864 2287 1992 2361; x_wconf 88' lang='lat' dir='ltr'>solum</span> <span class='ocrx_word' id='word_1_176' title='bbox 2017 2289 2204 2385; x_wconf 88' lang='lat' dir='ltr'>regalium</span> 
     </span>
     <span class='ocr_line' id='line_1_18' title="bbox 455 2401 2203 2501; baseline -0.005 -18"><span class='ocrx_word' id='word_1_177' title='bbox 455 2406 634 2485; x_wconf 86' lang='lat' dir='ltr'>villarum</span> <span class='ocrx_word' id='word_1_178' title='bbox 662 2401 981 2478; x_wconf 81' lang='lat' dir='ltr'>administrationi</span> <span class='ocrx_word' id='word_1_179' title='bbox 1006 2402 1209 2500; x_wconf 82' lang='lat' dir='ltr'>praepositi</span> <span class='ocrx_word' id='word_1_180' title='bbox 1225 2423 1345 2490; x_wconf 84' lang='lat' dir='ltr'>erant,</span> <span class='ocrx_word' id='word_1_181' title='bbox 1365 2403 1428 2477; x_wconf 88' lang='lat' dir='ltr'>sed</span> <span class='ocrx_word' id='word_1_182' title='bbox 1453 2404 1608 2477; x_wconf 87' lang='lat' dir='ltr'>iudiciis</span> <span class='ocrx_word' id='word_1_183' title='bbox 1636 2429 1788 2501; x_wconf 91' lang='lat' dir='ltr'>quoque</span> <span class='ocrx_word' id='word_1_184' title='bbox 1815 2424 1854 2479; x_wconf 90' lang='lat' dir='ltr'>et</span> <span class='ocrx_word' id='word_1_185' title='bbox 1870 2405 1994 2479; x_wconf 86' lang='lat' dir='ltr'>causis</span> <span class='ocrx_word' id='word_1_186' title='bbox 2022 2407 2203 2478; x_wconf 89' lang='lat' dir='ltr'>dirimen·</span> 
     </span>
     <span class='ocr_line' id='line_1_19' title="bbox 453 2516 2202 2618; baseline -0.002 -18"><span class='ocrx_word' id='word_1_187' title='bbox 453 2529 511 2601; x_wconf 90' lang='lat' dir='ltr'>dis</span> <span class='ocrx_word' id='word_1_188' title='bbox 538 2521 746 2599; x_wconf 83' lang='lat' dir='ltr'>interfuisse</span> <span class='ocrx_word' id='word_1_189' title='bbox 771 2523 953 2596; x_wconf 82' lang='lat' dir='ltr'>videntur</span> <span class='ocrx_word' id='word_1_190' title='bbox 966 2516 1030 2611; x_wconf 83' lang='lat'>¹²).</span> <span class='ocrx_word' id='word_1_191' title='bbox 1081 2529 1216 2617; x_wconf 82' lang='lat' dir='ltr'>Neque</span> <span class='ocrx_word' id='word_1_192' title='bbox 1241 2521 1388 2593; x_wconf 88' lang='lat' dir='ltr'>minori</span> <span class='ocrx_word' id='word_1_193' title='bbox 1423 2519 1604 2615; x_wconf 87' lang='lat' dir='ltr'>potestate</span> <span class='ocrx_word' id='word_1_194' title='bbox 1629 2541 1742 2618; x_wconf 86' lang='lat' dir='ltr'>atque</span> <span class='ocrx_word' id='word_1_195' title='bbox 1777 2525 2003 2596; x_wconf 87' lang='lat' dir='ltr'>auctoritate</span> <span class='ocrx_word' id='word_1_196' title='bbox 2030 2524 2202 2597; x_wconf 86' lang='lat' dir='ltr'>Carolin-</span> 
     </span>
     <span class='ocr_line' id='line_1_20' title="bbox 453 2633 2205 2744; baseline -0.001 -27"><span class='ocrx_word' id='word_1_197' title='bbox 453 2648 512 2744; x_wconf 89' lang='lat' dir='ltr'>gis</span> <span class='ocrx_word' id='word_1_198' title='bbox 539 2641 788 2741; x_wconf 81' lang='lat' dir='ltr'>regnantibus</span> <span class='ocrx_word' id='word_1_199' title='bbox 816 2639 943 2713; x_wconf 87' lang='lat' dir='ltr'>ornati</span> <span class='ocrx_word' id='word_1_200' title='bbox 969 2654 1080 2711; x_wconf 83' lang='lat' dir='ltr'>erant</span> <span class='ocrx_word' id='word_1_201' title='bbox 1103 2633 1332 2722; x_wconf 86' lang='lat' dir='ltr'>Domestici,</span> <span class='ocrx_word' id='word_1_202' title='bbox 1380 2637 1525 2733; x_wconf 89' lang='lat' dir='ltr'>quippe</span> <span class='ocrx_word' id='word_1_203' title='bbox 1566 2639 1632 2734; x_wconf 91' lang='lat' dir='ltr'>qui</span> <span class='ocrx_word' id='word_1_204' title='bbox 1670 2642 1884 2735; x_wconf 89' lang='lat' dir='ltr'>praecipuis</span> <span class='ocrx_word' id='word_1_205' title='bbox 1912 2643 2039 2715; x_wconf 88' lang='lat' dir='ltr'>Caroli</span> <span class='ocrx_word' id='word_1_206' title='bbox 2065 2644 2205 2742; x_wconf 85' lang='lat' dir='ltr'>Magni</span> 
     </span>
     <span class='ocr_line' id='line_1_21' title="bbox 454 2745 2222 2856; baseline 0 -23"><span class='ocrx_word' id='word_1_207' title='bbox 454 2759 765 2833; x_wconf 89' lang='lat' dir='ltr'>ministerialibus</span> <span class='ocrx_word' id='word_1_208' title='bbox 793 2754 1054 2829; x_wconf 84' lang='lat' dir='ltr'>adscribantur</span> <span class='ocrx_word' id='word_1_209' title='bbox 1069 2745 1132 2846; x_wconf 81' lang='lat'><strong>¹³).</strong></span> <span class='ocrx_word' id='word_1_210' title='bbox 1187 2762 1430 2853; x_wconf 83' lang='lat' dir='ltr'>Quamquam</span> <span class='ocrx_word' id='word_1_211' title='bbox 1456 2757 1710 2841; x_wconf 86' lang='lat' dir='ltr'>Hincmarus‚</span> <span class='ocrx_word' id='word_1_212' title='bbox 1745 2759 1982 2831; x_wconf 84' lang='lat' dir='ltr'>Rhemorum</span> <span class='ocrx_word' id='word_1_213' title='bbox 2006 2762 2222 2856; x_wconf 69' lang='lat' dir='ltr'>Archiepi·“</span> 
     </span>
     <span class='ocr_line' id='line_1_22' title="bbox 453 2858 2230 2975; baseline -0.001 -24"><span class='ocrx_word' id='word_1_214' title='bbox 453 2879 614 2975; x_wconf 88' lang='lat' dir='ltr'>scopus,</span> <span class='ocrx_word' id='word_1_215' title='bbox 651 2878 694 2948; x_wconf 91' lang='lat' dir='ltr'>in</span> <span class='ocrx_word' id='word_1_216' title='bbox 714 2877 848 2961; x_wconf 89' lang='lat' dir='ltr'>libello</span> <span class='ocrx_word' id='word_1_217' title='bbox 876 2872 947 2961; x_wconf 91' lang='lat' dir='ltr'>„de</span> <span class='ocrx_word' id='word_1_218' title='bbox 974 2874 1109 2948; x_wconf 86' lang='lat' dir='ltr'>ordine</span> <span class='ocrx_word' id='word_1_219' title='bbox 1136 2893 1175 2947; x_wconf 88' lang='lat' dir='ltr'>et</span> <span class='ocrx_word' id='word_1_220' title='bbox 1201 2870 1337 2948; x_wconf 90' lang='lat' dir='ltr'>officiis</span> <span class='ocrx_word' id='word_1_221' title='bbox 1363 2876 1524 2947; x_wconf 89' lang='lat' dir='ltr'>Palatii“</span> <span class='ocrx_word' id='word_1_222' title='bbox 1551 2900 1641 2947; x_wconf 91' lang='lat' dir='ltr'>cum</span> <span class='ocrx_word' id='word_1_223' title='bbox 1667 2875 1713 2947; x_wconf 89' lang='lat' dir='ltr'>de</span> <span class='ocrx_word' id='word_1_224' title='bbox 1742 2895 1954 2949; x_wconf 90' lang='lat' dir='ltr'>ceterorum</span> <span class='ocrx_word' id='word_1_225' title='bbox 1979 2875 2203 2950; x_wconf 89' lang='lat' dir='ltr'>ministeria</span> <span class='ocrx_word' id='word_1_226' title='bbox 2224 2858 2230 2865; x_wconf 34' lang='lat'>¹</span> 
     </span>
    </p>

    <p class='ocr_par' dir='ltr' id='par_1_7' title="bbox 366 2983 2203 3214">
     <span class='ocr_line' id='line_1_23' title="bbox 413 2983 2203 3123; baseline -0.001 -55"><span class='ocrx_word' id='word_1_227' title='bbox 413 2983 418 2990; x_wconf 64' lang='grc'><strong>’</strong></span> <span class='ocrx_word' id='word_1_228' title='bbox 454 2999 556 3069; x_wconf 86' lang='lat' dir='ltr'>lium</span> <span class='ocrx_word' id='word_1_229' title='bbox 583 2992 717 3070; x_wconf 88' lang='lat' dir='ltr'>officiis</span> <span class='ocrx_word' id='word_1_230' title='bbox 745 2994 834 3067; x_wconf 91' lang='lat' dir='ltr'>satis</span> <span class='ocrx_word' id='word_1_231' title='bbox 861 2993 1014 3089; x_wconf 84' lang='lat' dir='ltr'>copiose</span> <span class='ocrx_word' id='word_1_232' title='bbox 1042 2994 1314 3090; x_wconf 84' lang='lat' dir='ltr'>disputaverit,</span> <span class='ocrx_word' id='word_1_233' title='bbox 1341 2991 1649 3069; x_wconf 85' lang='lat' dir='ltr'>Domesticorum</span> <span class='ocrx_word' id='word_1_234' title='bbox 1684 3013 1814 3069; x_wconf 90' lang='lat' dir='ltr'>tamen</span> <span class='ocrx_word' id='word_1_235' title='bbox 1840 3021 1983 3123; x_wconf 86' lang='lat' dir='ltr'>munus</span> <span class='ocrx_word' id='word_1_236' title='bbox 2009 2988 2060 3069; x_wconf 87' lang='lat' dir='ltr'>ne</span> <span class='ocrx_word' id='word_1_237' title='bbox 2085 2997 2203 3068; x_wconf 87' lang='lat' dir='ltr'>verbo</span> 
     </span>
     <span class='ocr_line' id='line_1_24' title="bbox 366 3102 849 3214; baseline -0.013 -26"><span class='ocrx_word' id='word_1_238' title='bbox 366 3173 372 3187; x_wconf 91' lang='lat'><strong>.</strong></span> <span class='ocrx_word' id='word_1_239' title='bbox 457 3115 616 3214; x_wconf 83' lang='lat' dir='ltr'>quidem</span> <span class='ocrx_word' id='word_1_240' title='bbox 642 3102 849 3211; x_wconf 82' lang='lat' dir='ltr'>att1g1t¹⁴)</span> 
     </span>
    </p>
   </div>
   <div class='ocr_carea' id='block_1_7' title="bbox 1276 3331 1388 3419">
    <p class='ocr_par' dir='ltr' id='par_1_8' title="bbox 1276 3331 1388 3419">
     <span class='ocr_line' id='line_1_25' title="bbox 1276 3331 1388 3419; baseline -0.027 0"><span class='ocrx_word' id='word_1_241' title='bbox 1276 3331 1312 3419; x_wconf 82' lang='lat'>§-</span> <span class='ocrx_word' id='word_1_242' title='bbox 1353 3347 1388 3416; x_wconf 83' lang='lat' dir='ltr'>s·</span> 
     </span>
    </p>
   </div>
   <div class='ocr_carea' id='block_1_8' title="bbox 344 3473 2261 4646">
    <p class='ocr_par' dir='ltr' id='par_1_9' title="bbox 344 3473 2261 4646">
     <span class='ocr_line' id='line_1_26' title="bbox 560 3473 2207 3578; baseline -0.001 -29"><span class='ocrx_word' id='word_1_243' title='bbox 560 3476 764 3550; x_wconf 75' lang='lat' dir='ltr'>Habebunt</span> <span class='ocrx_word' id='word_1_244' title='bbox 788 3492 916 3549; x_wconf 88' lang='lat' dir='ltr'>autem</span> <span class='ocrx_word' id='word_1_245' title='bbox 941 3481 1176 3551; x_wconf 82' lang='lat' dir='ltr'>Francorum</span> <span class='ocrx_word' id='word_1_246' title='bbox 1200 3501 1328 3578; x_wconf 86' lang='lat' dir='ltr'>reges,</span> <span class='ocrx_word' id='word_1_247' title='bbox 1353 3494 1500 3575; x_wconf 86' lang='lat' dir='ltr'>praeter</span> <span class='ocrx_word' id='word_1_248' title='bbox 1527 3473 1772 3564; x_wconf 88' lang='lat' dir='ltr'>domesticos,</span> <span class='ocrx_word' id='word_1_249' title='bbox 1800 3478 1916 3551; x_wconf 86' lang='lat' dir='ltr'>etiam</span> <span class='ocrx_word' id='word_1_250' title='bbox 1943 3477 2038 3551; x_wconf 91' lang='lat' dir='ltr'>alios</span> <span class='ocrx_word' id='word_1_251' title='bbox 2064 3475 2207 3575; x_wconf 84' lang='lat' dir='ltr'>partim</span> 
     </span>
     <span class='ocr_line' id='line_1_27' title="bbox 344 3580 2207 3692; baseline 0.001 -25"><span class='ocrx_word' id='word_1_252' title='bbox 344 3580 347 3585; x_wconf 34' lang='lat'>⁵</span> <span class='ocrx_word' id='word_1_253' title='bbox 459 3594 676 3691; x_wconf 88' lang='lat' dir='ltr'>superioris,</span> <span class='ocrx_word' id='word_1_254' title='bbox 691 3595 833 3692; x_wconf 87' lang='lat' dir='ltr'>partim</span> <span class='ocrx_word' id='word_1_255' title='bbox 857 3594 1052 3669; x_wconf 86' lang='lat' dir='ltr'>inferioris</span> <span class='ocrx_word' id='word_1_256' title='bbox 1081 3595 1229 3669; x_wconf 89' lang='lat' dir='ltr'>ordinis</span> <span class='ocrx_word' id='word_1_257' title='bbox 1248 3593 1462 3682; x_wconf 87' lang='lat' dir='ltr'>ministros,</span> <span class='ocrx_word' id='word_1_258' title='bbox 1489 3621 1655 3692; x_wconf 85' lang='lat' dir='ltr'>quormn</span> <span class='ocrx_word' id='word_1_259' title='bbox 1681 3592 1809 3669; x_wconf 85' lang='lat' dir='ltr'>officia</span> <span class='ocrx_word' id='word_1_260' title='bbox 1834 3601 1896 3670; x_wconf 85' lang='lat' dir='ltr'>vel</span> <span class='ocrx_word' id='word_1_261' title='bbox 1923 3596 1970 3670; x_wconf 90' lang='lat' dir='ltr'>ad</span> <span class='ocrx_word' id='word_1_262' title='bbox 1991 3600 2129 3682; x_wconf 88' lang='lat' dir='ltr'>aulam,</span> <span class='ocrx_word' id='word_1_263' title='bbox 2144 3588 2207 3669; x_wconf 72' lang='lat' dir='ltr'>vel</span> 
     </span>
     <span class='ocr_line' id='line_1_28' title="bbox 459 3712 2206 3812; baseline -0.001 -26"><span class='ocrx_word' id='word_1_264' title='bbox 459 3712 508 3786; x_wconf 89' lang='lat' dir='ltr'>ad</span> <span class='ocrx_word' id='word_1_265' title='bbox 533 3715 656 3798; x_wconf 87' lang='lat' dir='ltr'>villas,</span> <span class='ocrx_word' id='word_1_266' title='bbox 684 3717 862 3789; x_wconf 63' lang='lat' dir='ltr'>velsero</span> <span class='ocrx_word' id='word_1_267' title='bbox 889 3715 1006 3786; x_wconf 88' lang='lat' dir='ltr'>etiam</span> <span class='ocrx_word' id='word_1_268' title='bbox 1031 3716 1079 3786; x_wconf 92' lang='lat' dir='ltr'>ad</span> <span class='ocrx_word' id='word_1_269' title='bbox 1104 3732 1285 3811; x_wconf 89' lang='lat' dir='ltr'>utrasque</span> <span class='ocrx_word' id='word_1_270' title='bbox 1309 3715 1541 3810; x_wconf 82' lang='lat' dir='ltr'>spectabant.</span> <span class='ocrx_word' id='word_1_271' title='bbox 1577 3717 1783 3788; x_wconf 87' lang='lat' dir='ltr'>Camerarii</span> <span class='ocrx_word' id='word_1_272' title='bbox 1817 3717 1973 3812; x_wconf 90' lang='lat' dir='ltr'>quidem</span> <span class='ocrx_word' id='word_1_273' title='bbox 1998 3717 2098 3811; x_wconf 84' lang='lat' dir='ltr'>regis</span> <span class='ocrx_word' id='word_1_274' title='bbox 2125 3714 2206 3785; x_wconf 86' lang='lat' dir='ltr'>the·</span> 
     </span>
     <span class='ocr_line' id='line_1_29' title="bbox 460 3816 2208 3931; baseline -0.001 -25"><span class='ocrx_word' id='word_1_275' title='bbox 460 3816 707 3907; x_wconf 74' lang='lat' dir='ltr'>[auium-five</span> <span class='ocrx_word' id='word_1_276' title='bbox 723 3851 778 3920; x_wconf 81' lang='lat' dir='ltr'>ea&#39;,</span> <span class='ocrx_word' id='word_1_277' title='bbox 805 3840 903 3930; x_wconf 82' lang='lat' dir='ltr'>quae</span> <span class='ocrx_word' id='word_1_278' title='bbox 927 3834 1009 3931; x_wconf 87' lang='lat' dir='ltr'>regi</span> <span class='ocrx_word' id='word_1_279' title='bbox 1033 3833 1137 3931; x_wconf 83' lang='lat' dir='ltr'>quafi</span> <span class='ocrx_word' id='word_1_280' title='bbox 1154 3832 1319 3931; x_wconf 83' lang='lat' dir='ltr'>propria</span> <span class='ocrx_word' id='word_1_281' title='bbox 1345 3831 1460 3908; x_wconf 83' lang='lat' dir='ltr'>essent</span> <span class='ocrx_word' id='word_1_282' title='bbox 1484 3859 1505 3906; x_wconf 85' lang='lat' dir='ltr'>e</span> <span class='ocrx_word' id='word_1_283' title='bbox 1530 3833 1712 3906; x_wconf 84' lang='lat' dir='ltr'>villarum</span> <span class='ocrx_word' id='word_1_284' title='bbox 1736 3834 1876 3920; x_wconf 85' lang='lat' dir='ltr'>reditu,</span> <span class='ocrx_word' id='word_1_285' title='bbox 1904 3849 1969 3905; x_wconf 86' lang='lat' dir='ltr'>aut</span> <span class='ocrx_word' id='word_1_286' title='bbox 1996 3856 2017 3902; x_wconf 90' lang='lat' dir='ltr'>e</span> <span class='ocrx_word' id='word_1_287' title='bbox 2041 3832 2208 3931; x_wconf 85' lang='lat' dir='ltr'>vectiga-</span> 
     </span>
     <span class='ocr_line' id='line_1_30' title="bbox 459 3946 2261 4045; baseline -0.001 -24"><span class='ocrx_word' id='word_1_288' title='bbox 459 3951 581 4032; x_wconf 86' lang='lat' dir='ltr'>libus,</span> <span class='ocrx_word' id='word_1_289' title='bbox 610 3958 676 4023; x_wconf 81' lang='lat' dir='ltr'>au&#39;t</span> <span class='ocrx_word' id='word_1_290' title='bbox 701 3977 749 4027; x_wconf 83' lang='lat' dir='ltr'>ex</span> <span class='ocrx_word' id='word_1_291' title='bbox 774 3953 863 4027; x_wconf 81' lang='lat' dir='ltr'>aliis</span> <span class='ocrx_word' id='word_1_292' title='bbox 884 3951 1116 4026; x_wconf 84' lang='lat' dir='ltr'>huiusmodi</span> <span class='ocrx_word' id='word_1_293' title='bbox 1134 3952 1270 4045; x_wconf 84' lang='lat' dir='ltr'>rebus,</span> <span class='ocrx_word' id='word_1_294' title='bbox 1309 3946 1634 4026; x_wconf 87' lang='lat' dir='ltr'>administrabant.</span> <span class='ocrx_word' id='word_1_295' title='bbox 1686 3953 1750 4024; x_wconf 81' lang='lat' dir='ltr'>Sic</span> <span class='ocrx_word' id='word_1_296' title='bbox 1776 3950 2022 4024; x_wconf 87' lang='lat' dir='ltr'>charibertus</span> <span class='ocrx_word' id='word_1_297' title='bbox 2047 3974 2114 4023; x_wconf 82' lang='lat' dir='ltr'>rex</span> <span class='ocrx_word' id='word_1_298' title='bbox 2141 3957 2219 4023; x_wconf 56' lang='lat' dir='ltr'>crs*</span> <span class='ocrx_word' id='word_1_299' title='bbox 2256 3994 2261 4001; x_wconf 95' lang='lat'><em>-</em></span> 
     </span>
     <span class='ocr_line' id='line_1_31' title="bbox 459 4061 2209 4206; baseline 0 -67"><span class='ocrx_word' id='word_1_300' title='bbox 459 4073 642 4143; x_wconf 88' lang='lat' dir='ltr'>merarios</span> <span class='ocrx_word' id='word_1_301' title='bbox 669 4072 717 4143; x_wconf 88' lang='lat' dir='ltr'>ad</span> <span class='ocrx_word' id='word_1_302' title='bbox 741 4072 905 4144; x_wconf 89' lang='lat' dir='ltr'>multam</span> <span class='ocrx_word' id='word_1_303' title='bbox 931 4070 978 4143; x_wconf 92' lang='lat' dir='ltr'>ab</span> <span class='ocrx_word' id='word_1_304' title='bbox 1004 4069 1194 4168; x_wconf 89' lang='lat' dir='ltr'>episcopis</span> <span class='ocrx_word' id='word_1_305' title='bbox 1221 4072 1451 4168; x_wconf 88' lang='lat' dir='ltr'>quibusdam</span> <span class='ocrx_word' id='word_1_306' title='bbox 1488 4069 1714 4206; x_wconf 80' lang='lat' dir='ltr'>exigendam</span> <span class='ocrx_word' id='word_1_307' title='bbox 1751 4061 1968 4168; x_wconf 82' lang='lat' dir='ltr'>delegat¹);</span> <span class='ocrx_word' id='word_1_308' title='bbox 2005 4061 2209 4143; x_wconf 86' lang='lat' dir='ltr'>Camerarii</span> 
     </span>
     <span class='ocr_line' id='line_1_32' title="bbox 460 4179 2208 4289; baseline -0.002 -27"><span class='ocrx_word' id='word_1_309' title='bbox 460 4180 725 4286; x_wconf 84' lang='lat' dir='ltr'>Rigunthem,</span> <span class='ocrx_word' id='word_1_310' title='bbox 756 4191 964 4287; x_wconf 81' lang='lat' dir='ltr'>chilperici</span> <span class='ocrx_word' id='word_1_311' title='bbox 988 4190 1128 4278; x_wconf 89' lang='lat' dir='ltr'>filiam,</span> <span class='ocrx_word' id='word_1_312' title='bbox 1156 4216 1252 4289; x_wconf 87' lang='lat' dir='ltr'>quae</span> <span class='ocrx_word' id='word_1_313' title='bbox 1278 4191 1322 4264; x_wconf 92' lang='lat' dir='ltr'>in</span> <span class='ocrx_word' id='word_1_314' title='bbox 1348 4191 1576 4287; x_wconf 89' lang='lat' dir='ltr'>Hispaniam</span> <span class='ocrx_word' id='word_1_315' title='bbox 1601 4189 1842 4262; x_wconf 85' lang='lat' dir='ltr'>matrimonii</span> <span class='ocrx_word' id='word_1_316' title='bbox 1868 4179 1976 4261; x_wconf 85' lang='lat' dir='ltr'>causa</span> <span class='ocrx_word' id='word_1_317' title='bbox 2002 4186 2208 4273; x_wconf 75' lang='lat' dir='ltr'>deduceba-</span> 
     </span>
     <span class='ocr_line' id='line_1_33' title="bbox 460 4302 2209 4408; baseline -0.01 -16"><span class='ocrx_word' id='word_1_318' title='bbox 460 4322 546 4391; x_wconf 63' lang='lat'><strong>¹¹11·</strong></span> <span class='ocrx_word' id='word_1_319' title='bbox 586 4307 838 4396; x_wconf 87' lang='lat' dir='ltr'>comitantur,</span> <span class='ocrx_word' id='word_1_320' title='bbox 877 4335 925 4385; x_wconf 85' lang='lat' dir='ltr'>eo</span> <span class='ocrx_word' id='word_1_321' title='bbox 952 4307 1054 4408; x_wconf 87' lang='lat' dir='ltr'>quasi</span> <span class='ocrx_word' id='word_1_322' title='bbox 1081 4310 1262 4399; x_wconf 82' lang='lat' dir='ltr'>confilio,</span> <span class='ocrx_word' id='word_1_323' title='bbox 1289 4308 1335 4381; x_wconf 75' lang='lat' dir='ltr'>ut</span> <span class='ocrx_word' id='word_1_324' title='bbox 1359 4302 1475 4406; x_wconf 77' lang='lat' dir='ltr'>ipsius</span> <span class='ocrx_word' id='word_1_325' title='bbox 1500 4308 1719 4381; x_wconf 72' lang='lat' dir='ltr'>&#39;thesaurum</span> <span class='ocrx_word' id='word_1_326' title='bbox 1743 4302 2061 4403; x_wconf 74' lang='lat' dir='ltr'>procurarent23)</span> <span class='ocrx_word' id='word_1_327' title='bbox 2090 4311 2209 4376; x_wconf 86' lang='lat' dir='ltr'>Wan-</span> 
     </span>
     <span class='ocr_line' id='line_1_34' title="bbox 461 4424 2206 4522; baseline 0 -27"><span class='ocrx_word' id='word_1_328' title='bbox 461 4424 649 4497; x_wconf 84' lang='lat' dir='ltr'>dalmarus</span> <span class='ocrx_word' id='word_1_329' title='bbox 688 4430 920 4502; x_wconf 87' lang='lat' dir='ltr'>Camerarius</span> <span class='ocrx_word' id='word_1_330' title='bbox 955 4429 1068 4504; x_wconf 89' lang='lat' dir='ltr'>simul</span> <span class='ocrx_word' id='word_1_331' title='bbox 1104 4452 1194 4504; x_wconf 90' lang='lat' dir='ltr'>cum</span> <span class='ocrx_word' id='word_1_332' title='bbox 1219 4433 1422 4504; x_wconf 91' lang='lat' dir='ltr'>Dumnolo</span> <span class='ocrx_word' id='word_1_333' title='bbox 1447 4426 1666 4504; x_wconf 89' lang='lat' dir='ltr'>Domestico</span> <span class='ocrx_word' id='word_1_334' title='bbox 1694 4434 1936 4501; x_wconf 90' lang='lat' dir='ltr'>Guntramno</span> <span class='ocrx_word' id='word_1_335' title='bbox 1970 4425 2051 4522; x_wconf 87' lang='lat' dir='ltr'>regi</span> <span class='ocrx_word' id='word_1_336' title='bbox 2076 4427 2206 4495; x_wconf 89' lang='lat' dir='ltr'>Mum·</span> 
     </span>
     <span class='ocr_line' id='line_1_35' title="bbox 460 4539 2208 4646; baseline -0.003 -29"><span class='ocrx_word' id='word_1_337' title='bbox 460 4540 709 4645; x_wconf 75' lang='lat' dir='ltr'>mosi&#39;desert</span> <span class='ocrx_word' id='word_1_338' title='bbox 734 4545 949 4620; x_wconf 84' lang='lat' dir='ltr'>thesaurum</span> <span class='ocrx_word' id='word_1_339' title='bbox 961 4540 1018 4639; x_wconf 81' lang='lat'>³);</span> <span class='ocrx_word' id='word_1_340' title='bbox 1046 4565 1084 4619; x_wconf 82' lang='lat' dir='ltr'>et</span> <span class='ocrx_word' id='word_1_341' title='bbox 1110 4549 1315 4620; x_wconf 84' lang='lat' dir='ltr'>Camerarii</span> <span class='ocrx_word' id='word_1_342' title='bbox 1338 4568 1499 4621; x_wconf 84' lang='lat' dir='ltr'>munere</span> <span class='ocrx_word' id='word_1_343' title='bbox 1525 4547 1631 4623; x_wconf 81' lang='lat' dir='ltr'>slado</span> <span class='ocrx_word' id='word_1_344' title='bbox 1658 4567 1811 4646; x_wconf 82' lang='lat' dir='ltr'>quoquo</span> <span class='ocrx_word' id='word_1_345' title='bbox 1838 4562 1996 4622; x_wconf 76' lang='lat' dir='ltr'>ornatus</span> <span class='ocrx_word' id='word_1_346' title='bbox 2021 4539 2132 4618; x_wconf 75' lang='lat' dir='ltr'>tuisse</span> <span class='ocrx_word' id='word_1_347' title='bbox 2151 4541 2208 4618; x_wconf 88' lang='lat' dir='ltr'>vi·</span> 
     </span>
    </p>
   </div>
   <div class='ocr_carea' id='block_1_9' title="bbox 0 0 2304 5364">
    <p class='ocr_par' dir='ltr' id='par_1_10' title="bbox 0 0 2304 5364">
     <span class='ocr_line' id='line_1_36' title="bbox 0 0 2304 5364; baseline 0 0"><span class='ocrx_word' id='word_1_348' title='bbox 0 0 2304 5364; x_wconf 95' lang='lat' dir='ltr'> </span> 
     </span>
    </p>
   </div>
  </div>
 </body>
</html>
