4590 5364
898 252 1288 398 -rs-=

205 504 336 584 slatem
362 505 539 581 adhibere
563 519 734 603 poterat,
760 501 804 579 in
830 525 876 577 eo
901 499 1023 602 posta
1048 520 1139 591 erat,
1166 517 1213 575 ut
1237 516 1327 574 tum
1348 523 1484 601 regum
1506 520 1770 593 maerentum
1796 506 1962 583 Franco·-

205 651 293 702 rum
318 627 469 700 animos
495 623 564 698 libi
590 623 645 697 ita
670 624 957 711 reconciliaret,
985 639 1029 696 ut
1053 639 1281 696 neutrorum
1307 622 1466 696 arbitrio
1495 627 1688 700 obnoxius
1716 626 1785 707 esse
1809 607 1961 701 vidiae·⁴
2016 697 2018 700 ,

204 763 279 818 tur.
333 744 446 843 Quod
473 762 680 841 utrumque
702 742 887 848 quamvis
904 766 973 839 per
1002 742 1040 816 se
1059 743 1287 817 arduum'et
1314 740 1466 815 difficile
1491 742 1629 834 fuisset,
1650 747 1812 820 alterum
1828 768 1956 821 tamen

199 865 384 952 muliebri
411 863 691 950 imbecillitate,
727 864 890 935 altenun
925 862 1215 958 perturbatione
1252 861 1341 948 illa,
1380 885 1478 960 quae
1503 888 1637 963 regum
1664 884 1802 952 aetate,
1840 889 1959 962 quam·

203 979 297 1070 dixi,
324 981 507 1079 pupillari
533 974 734 1055 necessario
762 979 1010 1069 efficiebatur,
1040 983 1129 1054 satis
1147 978 1251 1079 quasi
1278 979 1539 1056 adiuvabatur.
1578 983 1699 1055 Sicuti
1726 984 1829 1056 enim
1857 982 1955 1081 sigi·

88 1146 100 1170 .
203 1099 312 1174 berto
331 1105 388 1172 III
402 1099 800 1199 regnantelladolfus,
818 1101 1110 1172 Ttuuinoorum
1127 1099 1217 1188 dux,
1236 1106 1472 1174 Francorum
1493 1101 1660 1198 imperio
1688 1101 1723 1174 se
1751 1100 1956 1174 subducere

202 1242 284 1290 non
309 1215 397 1291 sine·
412 1221 595 1316 prospero
622 1216 784 1293 successu
810 1158 1077 1294 conatusQerat
1090 1215 1140 1311 ¹),
1168 1220 1221 1292 ita
1248 1218 1423 1318 sequenti
1450 1238 1622 1316 tempore
1656 1221 1811 1320 regibus
1832 1221 1954 1319 magis

202 1337 401 1436 magisque
427 1322 701 1411 ad'interitum
727 1339 993 1411 cormeatibus
1019 1339 1204 1434 permulti
1231 1338 1307 1414 five
1334 1362 1438 1411 mera
1472 1337 1702 1428 insolentia,
1738 1338 1813 1412 five
1840 1337 1955 1410 salsae

200 1454 386 1531 libertatis
414 1455 576 1552 quadam
602 1458 810 1554 cupiditate
836 1456 997 1545 inducti,
1026 1459 1215 1554 optimam
1236 1457 1304 1532 fibi
1332 1460 1499 1532 oblatam
1526 1454 1597 1530 esse
1625 1458 1956 1553 opportunitatem

201 1574 463 1668 opinabantur
489 1577 537 1648 ad
563 1600 624 1663 ea,
662 1600 759 1672 quae
786 1573 925 1672 assequi
951 1576 1027 1648 iam
1055 1576 1202 1652 dudum
1227 1594 1484 1672 optaverant,
1522 1577 1661 1648 certius
1698 1601 1805 1649 nunc
1843 1591 1956 1669 atque
2020 1668 2028 1675 .

199 1691 353 1766 facilius
389 1691 623 1789 assequenda.
686 1694 860 1781 livero,
895 1695 968 1795 qui
1006 1695 1182 1769 ordinem
1219 1713 1257 1768 et
1284 1694 1528 1794 disciplinam
1554 1690 1796 1765 restauratam
1824 1693 1952 1786 cupie-

199 1810 314 1896 bant,
354 1813 491 1884 ducem
517 1830 555 1884 et
581 1828 765 1903 rectorem
805 1810 1069 1885 desiderabant.
1124 1813 1202 1909 Qui
1230 1813 1385 1909 quidem
1412 1813 1491 1883 dux
1518 1833 1607 1881 cum
1634 1834 1736 1881 unus
1763 1809 1842 1880 fere
1869 1813 1953 1878 Ma·

199 1926 419 2008 iordomus,
447 1927 644 2002 deficiente
670 1931 812 2002 scilicet
837 1944 944 2030 rege‘,
982 1929 1051 2004 esse
1077 1928 1216 2029 posset,
1263 1931 1325 2002 hic
1351 1925 1609 2001 ministerialis
1647 1949 1741 1999 mox
1772 1925 1952 2002 leudibus

198 2067 281 2117 non
307 2045 460 2131 minus,
489 2072 605 2145 quam
631 2050 731 2147 regi,
760 2066 839 2122 emt
863 2048 1098 2123 necessarius.
1151 2048 1419 2122 Nihilominus
1455 2062 1585 2120 tamen
1612 2046 1779 2118 Maiores
1815 2044 1952 2117 domus

86 2219 92 2227 .
125 2252 129 2258 ³
198 2188 217 2233 a
255 2157 477 2238 Grimoaldo
513 2191 633 2263 usque
671 2166 718 2240 ad
751 2166 963 2266 Pippinunr
980 2174 1018 2240 11
1038 2169 1104 2253 ,ad
1131 2169 1345 2268 augendam
1370 2164 1487 2239 huius
1513 2159 1768 2238 ministerialis
1794 2159 1953 2259 potesta·
2070 2232 2087 2265 ,ς
2172 2254 2177 2263 .

129 2273 135 2279 ⁴
196 2299 276 2353 tem
301 2283 401 2354 nihil
427 2282 505 2355 sere
532 2287 790 2359 contulerunt.
857 2288 1079 2360 chlodoveo
1105 2293 1142 2358 11
1169 2287 1275 2359 enim
1301 2302 1487 2384 regnante
1512 2282 1623 2358 simul
1649 2309 1737 2356 eum
1764 2284 1845 2354 eius
1873 2305 1951 2351 ma·

196 2415 253 2471 tre
279 2401 507 2488 Nanthilde,
535 2403 636 2498 Aega
664 2405 853 2473 srunnram
879 2402 981 2498 quasi
1016 2405 1169 2497 imperii
1195 2404 1367 2487 tenebat,
1390 2403 1461 2498 qui
1487 2402 1663 2497 quamvis
1689 2402 1848 2496 Pippini
1875 2400 1952 2470 vir·

196 2533 320 2587 tutem
346 2521 558 2597 aemulatus
594 2515 705 2589 fuisse
739 2518 933 2604 videatur,
973 2520 1091 2592 trimis
1118 2536 1248 2590 tamen
1282 2519 1406 2593 sacrae
1441 2519 1502 2590 illi
1538 2519 1623 2589 auri
1661 2517 1756 2616 fami
1782 2516 1949 2600 indulsit,

152 2620 160 2631 ’
198 2635 320 2729 quam¹
338 2633 609 2735 quiffrobilius
635 2633 682 2706 ad
707 2633 905 2731 prislinam
932 2636 1087 2709 Francis
1112 2637 1298 2708 virtutem
1324 2636 1573 2730 reparandam
1600 2632 1800 2707 consilium
1821 2652 1952 2731 capere

196 2752 361 2824 valuerit
373 2747 428 2844 ²).'
482 2754 635 2851 Aegane
679 2732 863 2827 defuneto
901 2755 1202 2836 Erchinoaldus,
1242 2754 1310 2851 qui
1327 2752 1588 2862 ⁸Merovingis
1623 2770 1808 2852 cognatus
1845 2748 1953 2828 fuisse

195 2868 328 2958 fertur,
354 2873 483 2945 Maior
510 2873 647 2946 domus
675 2873 887 2947 chlodovei
913 2870 1166 2946 constituitur.
1219 2879 1269 2960 Is,
1297 2889 1341 2944 ut
1368 2883 1448 2945 erat
1472 2873 1596 2971 magis
1624 2872 1747 2944 animi
1765 2869 1953 2942 mansueti

196 3007 235 3063 et
262 2990 403 3076 sedati,
432 3016 546 3087 quam
572 2991 743 3091 vigentis
771 3008 809 3064 et
836 2989 1044 3078 concitati,
1077 2991 1244 3065 maxime
1272 2987 1449 3089 idegisse
1483 2989 1657 3077 videtur,
1693 3007 1738 3062 ut
1763 3015 1844 3062 non
1875 3008 1952 3060 tam

194 3109 236 3181 vi
262 3127 300 3180 et
327 3110 463 3197 armis,
492 3116 615 3206 'quam
641 3136 732 3208 pace
760 3130 797 3183 et
823 3109 1030 3194 concordia
1056 3112 1209 3184 Francis
1237 3110 1505 3204 imprimisque
1530 3109 1772 3207 Merovingis
1799 3126 1952 3201 patrum
2059 3100 2063 3105 ⁹

194 3231 317 3301 virtus
354 3246 392 3328 et
425 3230 546 3326 gloria
585 3246 778 3325 reparetur
791 3221 837 3319 ³).
899 3230 1047 3302 Eodem
1081 3228 1159 3304 fere
1195 3217 1366 3322 tempore
1403 3227 1447 3298 in
1474 3224 1697 3326 Burgundia
1724 3228 1950 3297 Flaochatus

194 3368 354 3416 munere
379 3348 541 3420 Maioris
569 3349 707 3421 domus
734 3345 985 3445 fungebatur,
1014 3349 1083 3444 qui
1110 3365 1239 3420 tamen
1266 3371 1350 3419 non
1378 3363 1460 3418 tam
1487 3369 1535 3417 ex
1561 3345 1628 3418 suo
1655 3342 1796 3440 ipsius,
1836 3366 1951 3440 quam

193 3463 326 3560 potius
363 3488 409 3535 ex
435 3466 682 3539 Erchinoaldi
709 3484 747 3538 et
772 3467 974 3562 praecipue
1000 3466 1223 3540 Nanthildis
1250 3464 1409 3537 arbitrio
1437 3460 1548 3569 egisse
1572 3463 1726 3537 videtur
1739 3455 1786 3553 ⁴).
1842 3469 1950 3534 Uter·

194 3608 267 3679 que
293 3607 385 3654 vero
412 3583 693 3671 Maiordomus,
722 3580 875 3656 sortasse
902 3585 979 3656 iarn
1005 3604 1101 3657 tunc
1127 3585 1316 3657 secretiori
1344 3581 1512 3680 quodam
1539 3578 1698 3655 consilio
1727 3570 1849 3665 ducti,
1871 3583 1949 3652 leu·
2021 3635 2025 3642 .

195 3700 287 3771 durn
321 3701 494 3775 savorem
529 3701 597 3773 fibi
631 3703 877 3774 reconciliare
911 3705 1076 3776 maxime
1112 3696 1367 3792 studebantd),
1396 3720 1434 3774 et
1470 3700 1550 3798 ipsa
1576 3700 1801 3773 Nanthildis
1828 3700 1949 3797 magis

194 3818 409 3894 Maioribus
437 3820 599 3906 domus,
638 3820 839 3916 praecipue
866 3821 1091 3903 Flaochato,
1131 3844 1247 3915 quam
1274 3821 1517 3919 Merovingis
1552 3836 1590 3892 et
1615 3815 1698 3891 filio
1720 3815 1855 3890 favisse
1892 3819 1948 3887 vi·

194 3935 325 4019 detur3
361 3963 591 4034 quamquam
616 3938 735 4025 illud,
764 3934 868 4032 quod
894 3937 1114 4009 Nanthildis
1142 3936 1256 4033 ipsius
1283 3942 1440 4034 neptem
1464 3939 1670 4012 Flaochato
1697 3961 1856 4008 uxorem
1884 3937 1945 4006 ad·

192 4053 627 4152 iunxerat,·aequalibus
645 4073 682 4128 et
707 4052 864 4152 posteris
891 4053 1072 4128 falsarum
1097 4055 1360 4152 suspicionum
1387 4057 1516 4130 ansam
1542 4056 1720 4153 praebere
1748 4055 1834 4124 sane
1860 4071 1946 4148 pot·

104 4198 117 4217 ⁸
195 4188 286 4246 erat.
343 4171 454 4267 Quod
478 4199 568 4247 vero
595 4175 636 4247 hi
664 4173 824 4248 consilio
850 4192 889 4248 et
914 4176 1088 4261 ratione,
1116 4176 1233 4247 modo
1260 4174 1419 4272 longius
1445 4175 1547 4248 vitae
1574 4174 1738 4270 spatium
1773 4152 1821 4243 iis
1859 4196 1947 4242 con·

193 4288 354 4390 tigisset,
383 4288 533 4364 fortasse
560 4288 783 4380 effecissent,
810 4295 852 4368 id
877 4312 1010 4367 contra
1037 4292 1092 4378 is,
1120 4294 1190 4390 qui
1216 4291 1519 4366 Erchinoaldum
1546 4289 1695 4364 secutus
1723 4286 1794 4377 est,
1835 4291 1946 4362 auda·

193 4411 249 4493 tia
265 4427 314 4484 'et
340 4407 471 4481 surore
497 4405 638 4481 cilicem
663 4408 823 4485 voluisse
847 4413 1012 4485 videtur.
1067 4411 1280 4484 chlodovei
1302 4399 1406 4480 enim
1433 4408 1609 4484 defuncti
1634 4410 1798 4508 regulam
1831 4408 1947 4505 ipsms

191 4524 294 4607 tilius
330 4525 572 4604 chlotharius
596 4531 674 4619 111,
718 4544 902 4630 regnante
936 4528 1080 4606 scilicet
1116 4535 1242 4604 matre'
1271 4527 1522 4605 Bal'dechllde
1549 4544 1588 4602 et
1621 4529 1772 4604 Maiore
1807 4528 1945 4600 <lomus
