4590 5364
1069 312 1432 385 ...96η-

162 547 166 561 ’
275 592 280 605 ,
369 520 433 593 vel
458 516 565 614 quod
589 514 742 589 alicui
730 539 812 588 rure
837 509 1067 586 hereditario
1094 510 1286 612 obtigerat
1311 532 1374 625 et,
1400 533 1447 590 ut
1471 519 1525 592 ait
1560 468 1797 610 Marculsus,
1819 522 2010 622 cuiusque
2034 526 2152 626 pro·'

367 638 509 734 prieta's
536 653 625 707 erat.
635 627 687 726 ¹³)
742 640 840 706 Cum
874 650 1003 707 autern
1027 630 1081 702 ita
1107 629 1235 706 Fiscus
1262 616 1330 729 per
1355 634 1392 709 se
1419 634 1522 733 quali
1554 634 1766 711 stabilitum
1792 658 1830 714 et
1866 645 2016 719 nullius
2051 672 2123 721 un·

369 778 487 852 quam
512 753 671 827 arbitrio
699 752 916 825 obnoxium
942 747 1028 823 esset
1053 750 1202 822 bonum
1227 753 1450 848 publicum,
1487 754 1589 829 haud
1624 753 1775 831 difficile
1802 761 1889 835 sane
1915 758 1965 835 esi
2003 766 2125 862 expli·

368 894 466 962 catu,
495 875 632 947 curin
658 878 892 945 Francorum
917 867 1096 968 Legibus
1112 869 1219 942 Fisco
1247 872 1365 946 dandi
1392 890 1429 944 et
1456 862 1690 949 concedendi
1716 875 1901 966 facultas,
1927 899 2126 980 tamquam
2163 980 2168 985 Ι

367 994 596 1105 personae,
597 985 875 1063 attribuatur.1
876 979 912 1080 4)
964 989 1113 1085 Atque
1115 1006 1161 1058 ut
1197 990 1325 1065 Fiscus
1346 1017 1429 1098 per
1464 993 1501 1066 se
1539 994 1789 1068 sustineretur
1826 998 2126 1094 quodammodo,
2234 1038 2237 1043 ·

367 1130 405 1185 et
430 1112 574 1203 iterum
592 1109 810 1215 iterumque
829 1103 1097 1195 restitueretur,
1124 1107 1222 1180 illud
1248 1111 1332 1208 lege
1360 1129 1439 1183 erat
1464 1108 1692 1202 institutum,
1715 1131 1760 1187 ut
1779 1132 1867 1188 tum
1883 1115 1945 1203 iis,
1955 1120 2034 1213 qui
2057 1118 2125 1193 bo·

365 1255 462 1303 num
488 1229 683 1325 quoddam
708 1226 832 1300 fiscale
857 1223 1076 1314 tenuissent,
1103 1223 1307 1316 defunctis,
1334 1216 1407 1303 boc
1433 1229 1663 1304 beneficium
1688 1234 1738 1306 sd
1761 1231 1896 1307 fiscum
1912 1233 2043 1330 ipsum
2067 1263 2126 1310 re·

366 1347 476 1433 diret,
490 1341 541 1439 ¹⁵)
569 1365 655 1419 tum
680 1344 723 1433 ii,
752 1344 821 1442 qui
848 1345 898 1419 ob
925 1335 1088 1418 crimina
1114 1362 1277 1441 pat-rata
1287 1346 1491 1422 beneficiis
1511 1350 1669 1450 indigni
1694 1351 1974 1440 iudicarentur,
2010 1354 2125 1429 bonis

364 1463 553 1539 fiscalibus
581 1465 856 1562 privarentur,
857 1455 909 1555 1⁶)
943 1481 1135 1560 praeterea
1158 1489 1252 1539 vero
1277 1469 1402 1540 multa
1427 1464 1501 1541 alia
1527 1468 1632 1541 bona
1666 1494 1897 1570 quocunque
1930 1471 2125 1548 modoad
2223 1530 2229 1537 .

364 1581 498 1657 liscum
516 1584 900 1674 conserebantur.)
849 1577 882 1626 ¹⁷
880 1582 1139 1680 )Quamvis
1166 1583 1286 1683 igitur
1311 1585 1403 1657 huic
1429 1587 1536 1660 Fisco
1563 1582 1633 1684 ipsi
1660 1589 1816 1660 dandi
1804 1614 1865 1663 rus
1894 1588 1998 1686 quali
2034 1616 2124 1689 pro·

363 1703 496 1798 prium
522 1727 543 1775 a
570 1702 822 1796 scriptoribus
848 1701 1065 1787 tribuatur,
1103 1703 1302 1775 neminem
1336 1720 1466 1778 tamen
1503 1704 1651 1777 illud
1638 1730 1683 1776 ιιι
1717 1707 2015 1782 controversiam
2051 1734 2125 1783 un·

214 1835 234 1876 ι’
364 1845 482 1915 quam
505 1832 736 1891 'vocaturum
762 1812 833 1889 esse
859 1817 1099 1910 putaverim,
1127 1833 1259 1887 utrum
1296 1818 1404 1888 Fisco
1431 1821 1646 1912 praefectus
1684 1823 1824 1921 aliquis
1845 1828 1926 1898 uel
1962 1827 2125 1901 admini.

363 1930 497 2017 strator
523 1935 577 2009 iu¹
593 1940 829 2015 Francorum
855 1934 1011 2024 civitate
1044 1958 1086 2005 re
1110 1957 1201 2007 vera
1224 1933 1347 2047 suerit
1370 1931 1620 2024 constitutus,
1634 1963 1726 2043 mec
1745 1966 1807 2027 ne,
1835 1943 1982 2039 quippe
2007 1969 2125 2043 quem

363 2054 452 2137 cum
477 2048 559 2151 ipsa
582 2050 810 2127 huiusmodi
835 2053 933 2133 boni
956 2051 1110 2148 publici
1131 2070 1290 2140 natura,
1326 2070 1413 2126 tum
1446 2055 1648 2151 praecipue
1683 2058 1839 2133 Francis
1866 2059 1999 2134 usitata
2026 2063 2122 2138 civi-

349 2157 452 2247 ‘uus
480 2169 798 2246 administrandae
824 2190 938 2269 atque
963 2168 1223 2244 defendendae
1258 2171 1359 2242 ratio
1397 2169 1577 2271 flagitasse
1613 2173 1799 2249 videatur.
1851 2182 1994 2252 Utrum
2028 2200 2150 2255 vero,

362 2291 492 2365 Maior
518 2290 656 2365 domus
684 2317 734 2365 an
761 2290 859 2364 alius
885 2290 993 2386 quis,
1021 2314 1073 2364 au
1097 2313 1191 2364 vero
1218 2290 1335 2372 etiam
1361 2316 1431 2364 rex
1455 2291 1534 2388 ipse
1577 2291 1642 2367 hic
1668 2293 1884 2392 praefectus
1909 2287 2050 2380 suerit,
2077 2300 2124 2371 do

277 2473 289 2495 χ
362 2410 437 2487 hoc
461 2411 552 2527 sane
577 2395 700 2508 potest
724 2408 2048 2507 disceptari·

1189 2597 1225 2684 s·
1255 2613 1292 2681 a·

464 2780 536 2857 Sed
563 2805 652 2854 oum
675 2776 877 2854 Ludenius
905 2777 1097 2852 Maiorem
1133 2775 1273 2851 domus
1308 2764 1545 2875 praesectum
1578 2779 1704 2896 Filbo‘
1716 2784 1932 2878 putaverit,
1968 2790 2015 2860 de
2048 2814 2121 2866 no·

360 2903 468 2974 mine
504 2901 667 2973 Maioris
697 2901 841 2972 domus
877 2899 1057 2994 aliisque,
1092 2897 1233 2994 quibus
1269 2896 1497 2997 designatur
1519 2898 1584 2971 hic
1622 2897 1903 2989 ministerialis,
1939 2901 2143 3007 formulis,

308 3010 314 3024 ’
361 3021 456 3116 quid
482 3019 735 3092 iudicandum
760 3017 827 3105 fit,
855 3035 893 3088 et
919 3029 1110 3112 quatenus
1136 3017 1199 3088 illi
1224 3017 1437 3091 sententiae
1464 3018 1721 3106 conueniant,
1759 3045 1869 3094 nunc
1894 3024 2024 3096 videre
2051 3047 2120 3122 op·

265 3144 300 3205 '.
359 3157 580 3245 ΡοιιιιιιιιιιιΙ
602 3140 685 3210 erit.
747 3140 803 3210 Ac
836 3137 1007 3232 primum
1040 3134 1198 3233 quidem
1224 3137 1324 3208 illud
1359 3159 1445 3207 non
1480 3135 1641 3234 longam
1675 3135 1855 3212 desiderat
1891 3143 2119 3232 orationem,

359 3259 521 3331 verbum
547 3245 710 3330 Maioris
736 3257 854 3328 talem
879 3252 1069 3342 indicasse,
1099 3255 1224 3352 qualis
1252 3254 1448 3360 quendam
1471 3276 1561 3348 prae
1587 3257 1720 3330 ceteris
1759 3258 1976 3363 obtinuerit
2012 3264 2119 3358 prin·

361 3377 541 3472 cipetum,
568 3374 819 3473 praefectoria
845 3367 1133 3470 quodammodo
1160 3369 1341 3469 potestate
1367 3388 1482 3469 atque
1521 3373 1711 3472 dignitate
1745 3373 1863 3450 fuerit
1897 3378 2057 3454 omatu‘s
2083 3400 2122 3454 et

228 3577 233 3595 Ι
359 3495 504 3566 verret
531 3495 686 3575 cuidam
709 3494 774 3568 vel
798 3492 1024 3566 hominibus
1051 3491 1281 3590 quibusdam
1306 3488 1555 3587 praepositus,
1583 3494 1688 3589 quod
1715 3517 1804 3566 cum
1830 3521 1878 3569 ex
1897 3497 1981 3594 ipso
2002 3498 2120 3573 verbo

359 3635 428 3710 per
454 3610 491 3685 se
516 3628 698 3710 apparet,
721 3629 807 3685 tum
833 3611 953 3685 medii
988 3613 1073 3686 aevi
1108 3610 1296 3709 loquendi
1321 3609 1393 3681 usu
1418 3627 1533 3708 atque
1559 3611 1838 3697 consuetudine
1865 3614 1955 3707 satis
1981 3616 2119 3710 proba·

360 3749 434 3804 tur.
486 3736 587 3804 Nam
613 3728 727 3805 illum
752 3754 907 3828 quoque
931 3732 1145 3844 Maiorem,
1184 3753 1303 3867 quem
1337 3729 1529 3803 villarum
1556 3728 1740 3805 ministris
1775 3728 1975 3829 praefiriss'o
2008 3732 2120 3831 supra

362 3851 772 3961 commemoravimus,
801 3849 978 3946 quamvis
1004 3846 1093 3946 ipfis
1118 3848 1324 3944 mancipiis
1360 3847 1572 3945 adscriptus
1598 3849 1739 3935 fuerit,
1777 3847 1962 3946 praefecti
1988 3868 2158 3928 tamen

249 4016 252 4021 ,
360 3974 492 4044 l'ocum
514 3972 621 4044 inter
645 3969 738 4044 haec
762 3968 954 4066 mancipia
980 3965 1151 4057 tenuiss'e,
1190 3985 1230 4040 et
1263 3969 1432 4064 quodam
1466 3968 1532 4039 vel
1557 3967 1820 4066 principatus,
1855 3968 1921 4040 vel
1953 3971 2117 4049 honoris

362 4082 481 4188 g'mdu
508 4087 747 4181 eminuiss'e,
742 4112 860 4161 nemo
878 4081 1056 4190 negabit
1100 4089 1236 4186 Atque
1272 4086 1341 4182 qui
1371 4084 1552 4183 proximi
1586 4085 1668 4182 regi
1706 4103 1817 4157 erant
1854 4084 2044 4188 dignitato
2077 4106 2118 4160 et

361 4209 577 4305 praecipuis
604 4206 771 4309 civitatis
797 4213 1033 4281 Francorum
1057 4206 1285 4279 muneribus
1312 4201 1585 4305 fungebantur,
1604 4203 1774 4277 Maiores
1800 4223 1896 4279 natu
1906 4202 1941 4300 ¹)
1967 4206 2030 4279 vel
2046 4205 2116 4279 ho·

362 4326 486 4400 mines
512 4327 679 4401 Maiores
706 4320 851 4422 natu²)
878 4329 980 4401 haud
1005 4352 1091 4399 raro
1120 4325 1374 4422 appellantur.
1430 4327 1606 4419 Quorum
1644 4322 1729 4419 quis
1765 4321 1887 4399 fuerit
1920 4322 2115 4420 principa·

188 4526 193 4533 ,
362 4465 438 4532 tus,
466 4443 579 4518 facile
606 4468 654 4516 ex
680 4436 728 4520 iis
756 4448 983 4522 concludere
1008 4443 1208 4543 possumus
1242 4442 1436 4529 formulis,
1471 4439 1616 4537 quibus
1630 4441 1761 4516 iidem
1786 4438 1917 4539 passim
1940 4437 2115 4516 iudican-

294 4656 298 4662 .
358 4585 434 4641 tur.
486 4565 751 4661 Nominantur
775 4551 996 4642 enim'tum
1024 4565 1210 4638 Meliores
1230 4552 1408 4653 'natu,⁸)
1444 4576 1531 4634 tum
1561 4560 1683 4660 primi
1714 4559 1764 4637 de
1798 4560 1915 4633 latere
1948 4559 2063 4663 regis,
2074 4553 2114 4655 ⁴)

1923 4962 2003 5017 7,
