4590 5364
880 352 937 387 ιι-
1040 346 1113 407 m
1210 313 1281 414 ...ἦ
1331 376 1388 407 ,-

97 588 110 617 .
201 527 431 628 lictoresque
466 522 651 602 exstitid'e.
713 525 840 626 Atque
875 523 958 624 ipsa
985 527 1048 602 vie
1074 544 1114 599 ee
1146 525 1283 613 ratio,
1304 547 1379 624 qm
1413 523 1461 600 ad
1495 546 1658 627 regnum
1691 520 1952 625 pervenermst

203 652 411 749 carolingi,
438 673 522 722 non
549 647 637 720 talis
664 664 755 733 erat,
783 647 907 742 qualis
924 638 1126 720 haud-raro
1146 670 1290 732 eornm,
1319 645 1387 741 qui
1413 647 1540 744 gentis
1567 644 1763 720 cuiusdam
1787 637 1952 748 regnum
2025 715 2030 721 .

194 789 424 866 ‘temporum
449 767 600 840 ratione
626 764 751 837 adiuti
775 762 846 837 sibi
879 764 1147 851 vindicarunt,
1184 761 1249 837 etsi
1275 762 1505 859 praeclaram
1530 788 1598 860 per
1623 765 1660 837 se
1685 748 1870 841 virtutem
1896 782 1950 834 at·

202 909 276 983 que
310 885 502 985 insignem
529 883 778 980 'prudentiam
812 881 973 955 maculis
1007 901 1135 956 tantan
1169 882 1401 977 inquinavit.
1443 888 1547 955 Nam·
1587 905 1734 976 nequex
1756 904 1950 953 armorum

201 1005 244 1077 vi
286 1021 324 1076 et
350 999 593 1087 crudelitate,
628 1024 755 1097 neque
780 999 872 1073 dolo
898 1000 1089 1096 malisque
1123 999 1291 1087 artibus,
1327 1024 1454 1097 neque
1486 999 1710 1097 principum
1745 997 1877 1072 favore
1913 1014 1951 1068 et

202 1145 291 1195 aura
319 1121 388 1191 illa
420 1119 600 1217 populari
627 1119 812 1214 Pippinus
839 1124 896 1192 111
930 1125 1166 1192 Francorum
1200 1143 1366 1218 regumn
1399 1118 1470 1192 fibi
1504 1117 1766 1214 compararit,
1787 1112 1850 1187 sed
1886 1135 1951 1187 ve·

201 1265 241 1311 ra
266 1240 435 1325 virtute,
472 1231 627 1310 honesta
668 1237 891 1333 prudentia,
921 1233 1072 1335 -insrgni
1098 1238 1384 1326 moderatione,
1425 1237 1479 1310 ita
1505 1237 1681 1334 quidem,
1722 1253 1770 1307 ut
1800 1231 1953 1305 nemini

200 1363 436 1451 Francorum
469 1339 566 1428 bunc
600 1350 793 1441 honestius
828 1353 1040 1452 quidquam
1064 1357 1127 1430 vel
1152 1356 1366 1455 consultius
1392 1352 1464 1428 esse
1488 1356 1702 1442 videretur,
1742 1376 1858 1455 quarn
1884 1355 1952 1423 Ca·

198 1477 442 1574 rolingorum
477 1465 640 1570 irnperio
666 1473 949 1569 obtemperare.
1011 1473 1078 1546 Sin
1115 1498 1210 1546 vero
1251 1473 1367 1574 Regis
1394 1480 1650 1548 ¹Francorum
1684 1470 1950 1546 conditionem

199 1620 272 1690 per
301 1594 336 1664 se
362 1591 606 1688 respicimus,
641 1615 750 1663 nunc
785 1593 872 1664 sane
910 1592 1030 1690 longe
1064 1591 1137 1663 alia
1174 1617 1293 1688 eaque
1328 1592 1465 1665 certior
1492 1609 1591 1678 erat,
1626 1614 1745 1689 quarn
1778 1607 1951 1684 tempore

200 1711 523 1809 Merovingorum
558 1707 693 1780 suerat.
757 1715 859 1781 Nam
893 1706 1118 1806 fiprimum
1154 1710 1355 1807 utriusque
1380 1693 1679 1783 fundamenium
1705 1723 1818 1805 etque
1842 1704 1952 1800 prin-

201 1831 347 1926 cipimn
374 1827 718 1922 comparaverimus
743 1826 846 1898 inter
872 1825 937 1913 se,
967 1825 1082 1897 'facile
1108 1815 1354 1902 inveniemus
1380 1827 1703 1925 Merovingorum
1728 1819 1954 1921 potestatem·
2024 1895 2028 1906 Χ

195 1949 243 2021 in
281 1947 556 2021 consuetudine
591 1944 732 2042 magis,
761 1968 876 2041 quam
902 1939 1111 2019 necessetate
1137 1943 1301 2040 positam
1322 1939 1433 2018 hriss'e
1444 1940 1498 2036 ¹),
1536 1942 1834 2044 Carolingorum
1860 1964 1952 2012 con·

200 2087 256 2140 tra
284 2088 449 2164 regnum
473 2047 559 2134 non
585 2061 702 2135 modo
729 2059 937 2134 necessitate
964 2062 1187 2151 conditum,
1223 2064 1500 2137 verumetiam
1525 2080 1747 2160 temporum
1771 2053 1952 2135 vieiffiru-

200 2186 291 2258 dine
317 2179 425 2258 fuisse
464 2178 732 2253 confirmatum
768 2197 885 2278 atque
903 2177 1143 2255 stabilitum.
1195 2181 1360 2255 -Deinda
1385 2181 1612 2281 Merovingi
1638 2206 1730 2255 cum
1754 2180 1868 2253 avitis
1894 2177 1952 2287 ³¹¹7

197 2304 305 2378 ribus
332 2296 466 2374 sensim
492 2296 701 2394 sensimque
728 2315 766 2370 et
791 2300 989 2394 praecipue
1017 2325 1063 2370 ex
1089 2323 1135 2372 eo
1161 2299 1254 2371 inde
1279 2316 1462 2395 ternpore,
1495 2326 1573 2397 quo
1600 2299 1696 2374 fines
1724 2298 1834 2398 regni
1861 2318 1950 2392 pro·

198 2436 433 2520 pagaverant
467 2416 632 2503 Franci,
676 2417 722 2484 in·
760 2436 905 2498 novam
949 2416 1246 2508 implicabantur
1284 2418 1572 2503 conditionem,
1619 2443 1715 2513 quae
1753 2414 1819 2489 etsi
1864 2437 1950 2485 non

198 2543 313 2635 plane
339 2555 560 2629 repugnans
588 2526 674 2601 esset
700 2529 789 2616 illis,
818 2555 914 2626 quae
942 2532 1044 2617 dixi,
1072 2530 1187 2603 avitis
1221 2531 1383 2619 iuribus,
1410 2532 1638 2627 neutiquam
1664 2551 1792 2605 tamen
1819 2529 1953 2602 eodem

199 2654 317 2728 modo
344 2651 398 2724 eis
433 2646 710 2736 conveniebat,
749 2672 792 2720 ae
825 2644 982 2744 pristina
1008 2666 1046 2720 et
1071 2647 1199 2745 prima
1221 2650 1323 2750 regis
1349 2655 1583 2724 Francorum
1609 2649 1796 2723 conditio.
1829 2652 1955 2744 ,Quae

201 2788 436 2870 quantopere
474 2766 706 2838 Francorum
745 2765 792 2837 ad
827 2764 942 2839 fidem
980 2765 1230 2840 Christianam
1257 2766 1525 2857 conversione,
1564 2794 1667 2843 nova
1695 2767 1862 2841 civitatis
1889 2765 1953 2837 ad·

199 2879 469 2991 ministrandae
494 2883 619 2958 forma
647 2901 686 2955 et
720 2873 893 2970 ratione,
928 2885 1044 2958 novis
1082 2910 1171 2959 cum
1205 2887 1290 2959 aliis
1312 2886 1506 2989 gentibus
1532 2887 1643 2961 initis
1669 2886 1889 2961 foederibus
1916 2900 1955 2957 et

168 3011 290 3085 'inde
317 3006 439 3078 enatis
465 2998 823 3088 neceshtudinibus,
859 3005 974 3076 novis
1010 3003 1177 3101 denique
1210 3023 1249 3078 et
1283 3006 1392 3102 prius
1427 3007 1580 3080 Francis
1613 3007 1768 3103 prorsus
1804 3002 1958 3104 ignotis

199 3127 281 3225 regi
305 3123 461 3195 tributis
495 3120 712 3194 honoribus
739 3117 857 3192 fuerit
882 3123 1105 3210 immutata,
1130 3147 1247 3194 nemo
1273 3123 1441 3223 ignorat.
1497 3126 1790 3223 Carolingorum
1820 3141 1951 3196 contra

200 3266 370 3341 regnum
390 3265 437 3311 ex
461 3258 683 3335 temporum
718 3240 869 3312 ratione
903 3256 1060 3313 enatum
1085 3258 1145 3323 et,
1183 3259 1229 3314 ut
1255 3243 1308 3318 ita
1344 3241 1494 3329 dicam,
1531 3237 1685 3314 historia
1719 3248 1952 3337 Francorum

199 3359 374 3458 ipsorum
400 3357 454 3428 ita
480 3354 582 3454 quasi
607 3355 732 3430 fuerat
757 3359 994 3446 enutritum,
1022 3376 1068 3430 ut
1098 3383 1167 3455 per
1200 3360 1237 3433 se
1272 3361 1362 3434 satis
1388 3359 1546 3434 firmam
1570 3350 1680 3434 nulla
1706 3357 1788 3434 sere
1812 3358 1953 3439 immu-

200 3476 344 3553 tationi
370 3475 588 3549 obnoxium
614 3473 683 3548 esse
708 3476 912 3549 videretur.
964 3482 1066 3551 Nam
1084 3483 1316 3552 Francorum
1344 3480 1518 3576 ipsorum
1542 3477 1734 3555 sentiendi
1759 3479 1952 3554 rationem

199 3615 238 3674 et
272 3618 398 3669 mores
434 3593 506 3679 iis,
545 3617 640 3689 quae
674 3619 743 3692 per
777 3595 852 3668 tria
879 3596 947 3668 illa
985 3584 1130 3670 saecula
1168 3623 1189 3670 a
1216 3595 1439 3687 chlodoveo
1464 3603 1614 3698 Magno
1647 3623 1769 3696 usque
1795 3594 1843 3670 ad
1867 3597 1952 3693 Pip-

199 3719 339 3813 pinum
380 3715 437 3784 111
474 3728 702 3798 evenerant,
737 3713 945 3788 admodum
985 3714 1095 3788 fuisse
1133 3735 1416 3807 commutatos,
1456 3716 1549 3791 inde
1591 3717 1671 3798 iam
1716 3716 1806 3790 satis
1852 3734 1953 3788 recte

201 3831 381 3908 concludi
416 3825 536 3939 posse!
554 3830 792 3925 putaverim,
839 3834 944 3927 quod
978 3835 1048 3906 illo
1075 3852 1249 3931 tempore
1274 3838 1395 3935 magis
1421 3837 1620 3937 magisque
1644 3835 1681 3909 u
1707 3834 1862 3935 proprie
1889 3859 1951 3906 ex·

201 3949 388 4026 colebant.
442 3943 526 4047 (Es
563 3973 645 4021 zvar
678 3949 737 4021 die
763 3950 989 4050 cigentlicbe
1018 3956 1106 4027 Zcit
1131 3955 1233 4027 ihrer
1256 3941 1479 4056 politisehen
1514 3955 1593 4028 und
1614 3951 1950 4028 oolhsthdudirhcu
1968 3991 1986 4014 ›

202 4063 516 4168 Ennoichlung.)
577 4067 704 4165 Atque
739 4067 837 4142 illud
863 4065 1042 4166 pristinae
1068 4071 1255 4145 libertatis
1281 4069 1466 4162 studium,
1497 4073 1606 4174 quod
1629 4074 1751 4172 regali
1774 4066 1955 4166 potestati

198 4188 291 4263 inde
326 4207 349 4257 a
388 4184 597 4260 Chlodovei
629 4188 868 4285 temporibus
894 4189 1062 4263 maxime
1077 4191 1380 4279 „adversabatum
1423 4216 1533 4267 nune
1566 4191 1652 4265 aliis
1689 4189 1809 4264 novis
1843 4191 1949 4286 cupi·

199 4304 386 4389 ditatibus
429 4301 651 4400 superatum
696 4331 718 4378 e
762 4312 999 4381 Francorum
1039 4309 1181 4382 animis
1215 4307 1407 4384 evanuisse
1449 4310 1614 4383 videtur.
1676 4309 1950 4383 habuerant

198 4426 332 4511 enim,
380 4420 487 4494 nihil'
530 4420 679 4495 civitati
714 4419 786 4495 asse
823 4425 1037 4513 salubrius,
1087 4451 1204 4524 quern
1246 4428 1364 4501 unius
1407 4428 1551 4520 virtute
1594 4445 1709 4524 atque
1743 4427 1952 4526 prudentia*

197 4539 365 4642 suedia
387 4539 578 4640 principis
601 4540 826 4638 imperium,
843 4576 902 4600 -
947 4547 1082 4645 Itaque
1114 4545 1289 4646 Pippine
1322 4546 1437 4621 smel
1480 4569 1569 4651 rege
1598 4546 1703 4624 nihil
1742 4546 1865 4645 magis
1901 4542 1953 4613 ad
2015 4563 2024 4572 ·
