4590 5364
965 359 1434 443 -.45...

1117 591 1206 668 ta·
1319 559 1377 662 ſs

373 768 500 846 a>.l'it.
526 766 780 855 St.1.eodegar.
807 788 835 828 c.
860 775 902 844 8:
934 763 1021 838 „llis
1045 759 1163 824 diebua
1186 756 1325 846 egrell'ua
1347 757 1389 824 ei
1403 757 1451 824 de
1478 759 1636 825 Luxovio
1660 761 1758 823 etiam
1780 745 1957 831 Ebroinua.
1980 765 2036 829 Iu.

282 873 373 935 liano
402 873 525 945 similia,
549 873 729 954 quivitarn
754 869 860 929 fretam
883 863 1121 928 Monachorum
1145 864 1262 924 tenuit.
1306 864 1441 924 Etenim
1463 879 1527 924 tam
1550 862 1744 942 amicorum,
1769 887 1864 949 quam
1897 869 2035 929 famulo·

282 995 353 1035 rum
378 971 571 1056 constipatus
595 972 701 1033 subito
726 972 902 1043 comitatu,
932 966 1094 1052 praedicti
1126 971 1236 1026 exulea
1260 965 1329 1026 eiua
1353 976 1542 1048 expetentes
1565 966 1741 1043 auxilium,
1773 971 1909 1041 malum,
1945 967 2034 1050 quod

282 1073 322 1136 de
346 1073 398 1134 lua
423 1075 627 1134 accusatione
651 1073 867 1145 confixerunt,
892 1068 994 1148 ipiurn
1019 1070 1053 1128 in
1077 1083 1173 1149 caput
1196 1065 1408 1143 constituunt,
1432 1082 1470 1126 ut
1493 1067 1562 1129 eiua
1585 1067 1710 1130 auxilio
1733 1072 1787 1130 vel
1817 1067 1952 1135 confilin
1975 1069 2032 1145 uli,

282 1177 317 1235 in
354 1177 420 1236 Del
450 1175 615 1235 horninern
647 1179 791 1235 valerent
813 1173 1012 1232 unanimiter
1044 1167 1248 1230 t‘indicare.⁸‘
1272 1197 1315 1212 -

367 1276 401 1350 9)
424 1277 636 1359 Fredegariur
660 1274 790 1358 quidem
814 1289 848 1335 et
870 1289 982 1333 auctor
1005 1269 1088 1331 Geli.
1112 1272 1195 1352 ling.
1219 1269 1333 1328 Franc.
1365 1267 1404 1330 de
1434 1268 1627 1356 Dagoberto
1660 1271 1812 1356 expreffra
1842 1273 1950 1335 verbis
1981 1274 2031 1335 ni·

279 1378 328 1438 hil
350 1375 486 1446 dicunt;
511 1377 569 1436 nili
593 1378 678 1437 forte
702 1399 743 1438 ex
767 1377 823 1436 illo
849 1369 1030 1463 „defunctis
1046 1369 1223 1450 Regibns“,
1248 1369 1335 1454 quod
1357 1368 1413 1430 hic
1436 1393 1464 1432 c.
1487 1370 1540 1447 46,
1565 1373 1621 1432 ille
1645 1395 1671 1434 c.
1693 1386 1746 1454 97.
1771 1371 1940 1450 exhibent,
1957 1396 2033 1437 con·

279 1476 408 1538 cludere
432 1480 540 1552 liceat,
564 1476 759 1553 Austrinos,
785 1475 994 1539 Theodorico
1019 1475 1052 1534 in
1075 1471 1223 1534 Neuiiria
1245 1488 1423 1556 regnante,
1447 1471 1537 1535 laum
1569 1495 1678 1558 regem
1711 1474 1844 1537 fortaiie
1875 1473 2030 1539 habuiffe.

283 1578 354 1640 Cir.
378 1581 520 1640 annale.
542 1576 575 1638 ii.
601 1578 669 1640 ord·
694 1581 740 1640 St.
763 1577 932 1640 Benedict.
956 1581 977 1637 l.
1004 1589 1053 1657 37,
1079 1597 1105 1634 c.
1131 1587 1180 1648 93.
1204 1605 1248 1616 -
1267 1571 1344 1636 Vid.
1365 1573 1442 1635 Para
1465 1573 1511 1647 ΙΙ,
1534 1575 1616 1657 Cap.
1641 1575 1706 1649 ΠΙ,
1730 1575 1760 1646 6.
1784 1586 1816 1652 5,
1840 1593 1910 1638 not.
1934 1586 1966 1657 4.
1993 1607 2032 1620 -·-
2163 1582 2167 1588 ’

365 1680 400 1754 3)
423 1683 476 1740 De
500 1695 605 1740 aetate
629 1682 747 1764 puerili
770 1680 906 1763 Pippini
931 1679 988 1737 cir.
1019 1678 1160 1736 Annales
1190 1673 1369 1736 lllettoniea
1399 1676 1457 1736 Du
1481 1673 1616 1741 ,Cbeane
1639 1675 1712 1749 111,
1742 1696 1775 1757 p·
1799 1677 1860 1737 969
1895 1693 1928 1738 et
1959 1677 2030 1756 263.

220 1838 225 1845 .
278 1779 405 1844 lbidem
430 1783 526 1842 ctiam
550 1795 893 1866 narraturkquanturn
917 1778 1035 1861 opibus
1067 1777 1207 1846 valuerit
1237 1777 1410 1859 Pippinua.
1442 1775 1512 1837 Cir.
1545 1776 1611 1836 vir.
1647 1775 1693 1834 St.
1718 1775 1940 1852 Landeberti,
1971 1782 2029 1840 Du
2143 1775 2148 1785 ’

278 1881 408 1944 Cbeane
432 1879 459 1954 Ι,
483 1904 514 1965 p.
538 1881 601 1957 675
624 1884 676 1942 Aa
701 1884 766 1956 „ln
790 1883 847 1943 illo
871 1896 1017 1964 tempore
1041 1892 1110 1940 erat
1131 1876 1286 1961 Princeps
1316 1876 1475 1959 Pippinua
1508 1875 1603 1960 super
1635 1877 1789 1959 plurimae
1823 1880 1974 1964 regionea
1997 1895 2032 1941 et

277 1982 429 2046 civitatee
450 1982 522 2045 sitan
546 1982 735 2066 Europae.“
761 2013 803 2027 —
1175 2026 1185 2034 .

362 2085 400 2163 4)
423 2085 509 2144 Ann.
535 2083 693 2145 Mettenl.
717 2086 764 2144 D.
788 2083 850 2166 Ch.
874 2070 992 2166 111,·'p.
1018 2081 1078 2159 963
1100 2083 1145 2144 B:
1189 2079 1434 2156 ,ssoniiuebant
1456 2094 1563 2167 autern
1585 2077 1626 2141 ad
1648 2081 1752 2142 aulam
1769 2080 1867 2166 ipiiua
1889 2084 2031 2146 nniverii

277 2187 450 2271 optimates
474 2201 664 2255 cunctorum
688 2174 904 2245 Orientalium
927 2185 1135 2255 Francorum,
1159 2196 1191 2242 et
1214 2183 1319 2242 iactus
1343 2180 1385 2242 est
1409 2182 1475 2242 illia
1507 2195 1619 2242 contro
1651 2203 1762 2243 omnes
1794 2189 1939 2248 aemulos
1970 2185 2030 2248 da·

276 2285 385 2348 ienior
407 2302 439 2348 et
463 2283 643 2346 instiliimua
675 2284 710 2345 in
741 2283 943 2368 corrigendis
965 2281 1109 2367 moribpa
1133 2279 1355 2344 dominator.“
1377 2310 1421 2326 -·
1451 2281 1520 2346 Vit.
1553 2281 1599 2342 St.
1632 2282 1778 2343 Remacli
1812 2305 1838 2344 c.
1874 2301 1925 2346 21.
1970 2288 2028 2349 Du

276 2383 408 2451 Ciieane
431 2389 460 2460 Ι,
485 2409 517 2468 p.
541 2385 616 2461 645.

359 2485 397 2564 5)
421 2485 555 2570 Fredgr.
580 2484 702 2546 Chron.
726 2507 754 2546 e.
777 2499 829 2566 97.
855 2481 940 2545 cel.
963 2484 1045 2569 urg.
1068 2480 1183 2545 Frand.
1208 2505 1236 2544 c.
1259 2482 1312 2563 46.
1357 2482 1498 2543 Annales
1521 2482 1680 2545 Mettenf.
1704 2488 1724 2545 l.
1747 2488 1770 2544 l.
1798 2500 1830 2546 et
1854 2488 1920 2547 alii.
1944 2515 1988 2533 -

359 2586 398 2660 6)
423 2588 491 2648 Cir.
515 2590 569 2647 De
593 2587 728 2647 interitu
747 2585 931 2670 Dagoberti
965 2584 1115 2646 Mascow
1136 2589 1159 2644 l.
1184 2588 1209 2665 l.
1229 2608 1262 2667 p.
1288 2583 1359 2660 956.
1385 2599 1453 2645 not.
1477 2582 1508 2646 6.

360 2685 397 2762 7)
421 2686 553 2774 Fredgr.
579 2708 606 2749 c·
628 2702 689 2767 97:
712 2687 1086 2770 ,‚Deiunctiriiegibua,
1112 2684 1281 2747 commill‘rc
1306 2686 1446 2746 invicem
1464 2685 1669 2770 principibus
1685 2687 1846 2762 libanino,
1864 2690 2027 2766 Martiae,

275 2806 371 2875 atque
393 2787 547 2875 Pippino‚
571 2787 721 2849 adversus
745 2786 988 2848 Theudoricurn
1011 2789 1134 2872 Regem
1158 2788 1342 2847 excitantur
1364 2785 1404 2846 ad
1426 2786 1555 2847 bellum·
1602 2789 1775 2851 Commota
1808 2778 1953 2852 exercitu
1987 2792 2027 2854 ad

272 2896 393 2963 locum,
418 2892 470 2950 cui
492 2891 686 2952 vocabulum
710 2886 752 2949 est
773 2887 945 2962 Lucolico,
971 2889 1102 2949 interim
1126 2888 1279 2950 commillr
1300 2889 1461 2971 proelium
1487 2889 1615 2964 ineunt,
1639 2890 1751 2973 ibique
1775 2912 1892 2977 magno
1926 2910 2027 2956 certa·

272 2995 360 3055 mine
385 2992 576 3054 dimicantes
599 2991 737 3074 plurima
759 3011 832 3072 para
855 2990 970 3073 populi
994 3012 1035 3050 cx
1057 2991 1203 3072 utrinque
1225 2990 1373 3073 partibua
1395 2990 1528 3051 corruit.
1573 2992 1712 3053 Devicti
1734 3015 1806 3054 cum
1820 2991 1918 3056 iociia
1935 2995 2027 3057 Mar·

272 3096 360 3155 tinus
385 3110 481 3175 atque
502 3094 662 3176 Pippinus
685 3092 719 3150 iu
743 3092 853 3175 fugam
876 3089 953 3174 lapsi
976 3089 1088 3152 iunt“.
1138 3090 1223 3152 Gell.
1259 3094 1341 3175 Reg.
1367 3091 1480 3151 Franc.
1504 3113 1532 3151 c.
1556 3091 1609 3168 46.
1632 3122 1676 3135 -

357 3194 393 3269 8)
417 3194 484 3255 vit.
508 3195 556 3254 St.
580 3193 726 3253 liemacli
749 3215 775 3252 c.
802 3211 851 3253 nt·
874 3195 894 3252 l.
920 3197 940 3252 l.
965 3190 1006 3253 de
1029 3190 1193 3254 Theodor.
1217 3207 1251 3253 et
1272 3192 1440 3253 Ebroino:
1486 3192 1638 3265 „Horum
1661 3192 1866 3275 tyrannidem
1887 3196 2027 3260 aversati

271 3291 462 3355 Aufirasrani
485 3295 627 3377 Pippino
650 3295 793 3378 principi
815 3291 983 3354 liudebant
1016 3310 1049 3354 et
1071 3293 1264 3378 parebant.“
1285 3323 1330 3337 -

358 3396 394 3476 9)
416 3397 500 3455 Aun.
526 3393 681 3456 lllcttens.
706 3399 727 3455 l.
751 3399 774 3456 l.
798 3418 830 3479 p.
855 3395 915 3471 963
939 3397 987 3458 C:
1012 3398 1085 3469 „Ea
1109 3394 1296 3479 tempestate
1318 3395 1450 3479 plurimi
1480 3394 1640 3457 nobilium
1671 3398 1868 3461 Francorum
1891 3400 1933 3462 ob
1955 3401 2024 3466 iae·

273 3498 388 3560 vitiam
412 3497 570 3579 praedicti
594 3497 737 3577 tyranni,
763 3496 932 3571 (Ebroini)
955 3495 1160 3560 Niuridriarr
1189 3499 1410 3581 relinquentes
1432 3497 1468 3557 in
1491 3495 1645 3558 Andriam
1668 3498 1708 3559 ad
1737 3501 1913 3585 l’ippinum
1947 3525 2024 3567 con·

272 3599 421 3684 fugiunt:
447 3596 607 3682 supplices
631 3595 717 3658 luam
742 3600 944 3659 clementiam
967 3597 1184 3682 postulante..
1209 3614 1246 3659 ut
1268 3597 1332 3660 lese
1355 3597 1394 3658 do
1415 3597 1563 3661 manibua
1597 3598 1802 3662 cru'delilirrni
1825 3601 1923 3665 holiia
1959 3607 2022 3668 eri·

271 3700 401 3784 peret.“
423 3730 464 3743 -
510 3701 576 3759 Vir.
601 3700 649 3759 St.
674 3699 827 3773 lluberti,
851 3702 909 3759 Du
933 3699 1109 3775 chemel,
1133 3725 1166 3785 p.
1189 3700 1253 3776 673
1276 3699 1313 3762 C.
1347 3698 1387 3761 de
1417 3699 1585 3761 liuberto:
1618 3703 1707 3777 Hic,
1737 3703 1815 3786 quia
1847 3704 2021 3790 prudentia

274 3816 340 3861 erat
362 3801 499 3885 ingenii,
526 3799 728 3862 considerans
760 3801 941 3860 Ebroinum
972 3802 1013 3861 ud
1044 3812 1172 3863 ornnem
1205 3803 1360 3862 malitiam
1389 3801 1675 3886 promptillrmuna,
1710 3820 1876 3866 execratur
1909 3827 2021 3869 omnen

273 3916 367 3962 actua
390 3904 477 3963 illius
499 3901 666 3982 Franciam
687 3902 908 3985 Sequanorum
932 3900 1095 3978 deseruit,
1118 3918 1150 3964 et
1174 3903 1207 3963 in
1230 3901 1387 3963 Aniiriam
1411 3902 1450 3963 ad
1471 3903 1646 3987 Pippinum
1670 3901 1794 3978 ducem,
1818 3906 1911 3968 cuiue
1932 3905 2021 3970 iusti·

274 4000 321 4062 tiu
343 4015 376 4063 et
398 4000 549 4084 industria
572 4024 608 4062 ac
629 3987 736 4091 ¹virtut
758 4003 876 4064 bellica
899 4005 1071 4083 Tyrannus
1094 4025 1206 4066 omnes
1238 4003 1444 4087 opprefferat,
1468 4003 1500 4065 se
1523 4003 1702 4066 eontulit.“
1718 4035 1762 4050 -

359 4098 415 4175 ao)
437 4102 568 4188 Fredgr.
594 4126 620 4164 c.
643 4114 696 4185 98.
720 4103 802 4166 Geli.
825 4105 908 4189 Reg.
940 4105 1012 4166 Frc.
1044 4127 1073 4166 c.
1106 4115 1159 4183 47.
1192 4106 1262 4167 t’it.
1292 4105 1339 4166 St.
1368 4103 1551 4192 Leodegar.
1584 4127 1612 4167 e.
1646 4103 1695 4168 16.
1740 4107 1881 4195 Annalep
1900 4110 2020 4176 Mettt.

270 4205 329 4266 Du
351 4201 480 4266 Choane
504 4201 562 4276 ΙΙΙ,
587 4228 620 4288 p.
640 4204 701 4281 963
725 4206 762 4267 C·
779 4235 823 4249 -·

357 4303 411 4374 tt)
434 4302 565 4367 Annali.
590 4306 705 4365 Illetta.
729 4304 794 4367 ibd.
817 4329 851 4389 p.
875 4304 939 4384 964
959 4306 1007 4368 A:
1052 4307 1185 4392 „igitur
1206 4309 1352 4394 profugi,
1377 4330 1459 4392 quoa
1488 4307 1649 4392 Pippinut
1683 4297 1805 4371 in'iua
1840 4311 2020 4376 misericor·

269 4404 322 4467 dia
346 4401 527 4486 iruceperat
549 4399 770 4494 frequentibus
799 4429 869 4465 cum
900 4411 1103 4494 querimoniis
1125 4407 1333 4492 appetebant,
1366 4406 1585 4484 obsecrantur,
1616 4425 1653 4469 ut
1683 4431 1743 4494 pro
1774 4409 1889 4476 divino
1912 4435 2019 4477 amore

236 4521 242 4530 ¹
271 4507 408 4569 iniuriae
430 4503 500 4566 suaa
521 4504 769 4569 ulcisceretur.“
788 4530 834 4552 ···

357 4604 414 4680 aa)
438 4604 509 4669 Ibd·
531 4627 564 4691 p.
588 4604 650 4686 963
672 4621 707 4673 et
729 4605 792 4687 964
812 4608 853 4671 Δ.
876 4607 1009 4699 Fredgr.
1033 4626 1066 4674 et
1090 4607 1174 4675 cett.
1203 4613 1293 4700 Reg.
1317 4612 1434 4674 franc.
1457 4633 1486 4674 c.
1507 4619 1569 4692 479
1615 4611 1785 4700 „Accepto
1808 4616 1919 4700 itaque
1941 4613 2023 4678 Wa-

1630 4734 1664 4803 Τ
