4590 5364
746 349 1244 461 .''‘⁶⁷.'“

188 556 375 638 quantum
401 534 452 614 ob
479 534 646 636 exempli
672 532 882 609 claritatem
906 532 979 609 illo
1004 531 1090 630 ipso
1114 548 1310 630 tempore,
1347 549 1386 606 et
1421 551 1579 632 propter
1613 541 1845 617 Francorum
1880 571 1935 621 re·
2022 585 2026 595 ,

41 740 45 747 ,
186 672 281 759 gum
315 655 544 753 praefidium
577 672 616 728 et
637 655 813 729 'tutelam
849 651 1004 750 posthac
1038 649 1086 724 ed
1121 650 1395 765 divulgandam
1429 670 1468 726 et
1500 646 1787 755 propa‘gandam
1823 662 1936 740 fidem
2072 700 2075 707 .

186 772 427 849 christianam
452 773 717 870 imprimisque
744 771 792 846 ad
817 770 990 846 ecclesiae
1024 770 1231 843 catholicae
1261 772 1432 871 gloriam
1467 776 1681 872 augendam
1718 786 1935 874 contulerit,

137 936 140 941 ·
184 893 287 968 inter
299 878 449 967 ”onmes
476 892 563 964 satis
590 888 747 994 constat.
808 890 935 989 Atque
959 891 1062 962 haud
1089 889 1189 977 scio,
1223 912 1273 962 an
1308 891 1418 988 origo
1453 907 1493 963 et
1517 893 1640 987 prima
1677 892 1805 970 fatalis
1831 894 1958 978 illius‘

34 1074 42 1085 .
187 1027 225 1082 et
250 1009 385 1085 seriori
420 1010 578 1110 quidem
610 1026 734 1083 aetate
768 1024 850 1082 tam
881 1008 1119 1105 perniciosae
1152 1013 1434 1103 Imperatorum
1457 1014 1746 1097 ,Germanorum
1770 1016 1873 1091 inter
1900 1040 1939 1094 et

159 1116 161 1120 Α
188 1131 409 1202 Romanum
434 1129 672 1226 Episcopum
696 1124 978 1201 ueceffitudinis
1004 1122 1159 1224 vestigia
1184 1127 1276 1198 inde
1303 1151 1324 1210 a
1351 1127 1573 1203 chlodoveo
1584 1136 1731 1230 Magno
1751 1157 1938 1233 regnante

185 1246 308 1342 repeti
335 1264 510 1346 queant·
544 1247 705 1322 Gravior
730 1262 860 1319 tamen
886 1242 1001 1318 nobis
1034 1269 1144 1361 nunc
1181 1241 1232 1317 est
1265 1242 1451 1343 quaestio,
1492 1267 1681 1345 quatenus
1715 1251 1946 1332 chlodoveo
2038 1340 2040 1349 ¹

184 1381 377 1465 regnante.
395 1365 718 1466 Merovingorum
744 1363 917 1440 conditio
951 1356 1072 1435 fuerit
1109 1381 1355 1438 commutata.
1410 1368 1517 1461 Opus
1552 1368 1658 1465 enim
1692 1393 1713 1441 a
1750 1391 1858 1469 patre
1892 1377 1936 1450 in

182 1487 347 1584 regnum
377 1481 556 1558 restituto
585 1485 776 1580 praeclare
813 1482 932 1557 iucho
973 1506 1062 1570 um,
1100 1482 1244 1556 maiori
1277 1484 1395 1556 etiam
1421 1508 1510 1556 cum
1535 1485 1679 1559 virtute
1714 1508 1751 1560 et
1785 1494 1937 1568 meliori

183 1599 350 1677 successu
386 1601 636 1676 continuavit
668 1601 772 1675 filius
809 1601 957 1675 Chlodo
1006 1624 1063 1676 us.
1130 1601 1416 1673 Fortitudinem
1452 1603 1596 1673 scilicet
1630 1607 1862 1684 Francorum
1900 1633 1938 1688 et

186 1714 372 1795 virtutem
398 1699 584 1818 spectans,
613 1721 816 1818 Syagrium
841 1721 891 1792 ad
916 1715 1124 1793 Sueffionas
1149 1717 1259 1804 vicit,
1272 1714 1305 1809 ¹)
1332 1717 1548 1814 multisque·
1569 1718 1654 1791 aliis
1680 1722 1855 1799 victoriis
1880 1756 1939 1802 re·

184 1840 371 1935 portatis,
410 1834 687 1936 Thuringossi
719 1859 804 1908 non
837 1837 990 1930 prorsus
1025 1839 1259 1908 Francorum
1297 1833 1457 1906 subiecit
1493 1836 1677 1930 imperio,
1712 1843 1938 1923 tributarios

185 1975 284 2031 carte
309 1955 414 2043 fecit,
440 1972 485 2028 ut
510 1955 567 2027 ait
591 1970 724 2027 auctor
748 1947 948 2027 Gestorum
979 1954 1130 2052 Regum
1163 1957 1410 2025 Francorum.
1424 1944 1459 2043 ²)
1514 1955 1630 2050 Quod
1663 1958 1819 2054 quidem
1852 1989 1937 2038 non

184 2075 317 2149 minus
344 2063 543 2173 adgeritis
570 2073 734 2172 gloriam
759 2071 862 2169 apud
887 2089 1033 2144 exteras
1058 2070 1260 2167 praecipue
1285 2069 1464 2144 nationes
1491 2077 1793 2172 propagandam,
1821 2107 1937 2180 quam

179 2181 282 2294 regis
308 2188 532 2289 potestatem
557 2209 597 2264 et
622 2191 889 2264 auctoritatem
914 2191 1016 2262 inter
1041 2187 1131 2261 suos
1157 2183 1420 2261 stabiliendam
1446 2187 1601 2262 valuisse
1626 2192 1790 2269 videtur.
1830 2206 1937 2298 Quae
1983 2181 1989 2193 ¹

180 2306 343 2410 potestas
369 2328 414 2384 ut
439 2311 545 2410 regio
573 2334 727 2408 quoque
753 2310 924 2406 quodam
949 2308 1152 2403 splendore
1177 2324 1380 2403 augeatur,
1417 2297 1660 2384 chlodoveus
1691 2339 1775 2389 non
1803 2342 1849 2390 ex
1875 2321 1935 2394 in·

182 2430 346 2533 digenis,
374 2430 437 2503 sed
463 2455 521 2500 ess
535 2426 861 2522 Burgundionum
887 2424 1006 2520 regali
1032 2423 1180 2494 familia
1220 2447 1382 2494 uxorem
1407 2422 1478 2494 fibi
1503 2428 1690 2502 adiunxit.
1729 2439 1815 2508 Hoc
1841 2464 1934 2514 con·

181 2550 333 2647 iugium
359 2561 485 2617 autem
511 2541 647 2638 quanti
671 2559 830 2636 propter
854 2541 912 2612 rei
936 2538 1154 2611 novitatem
1179 2562 1246 2649 per
1271 2539 1332 2624 se,
1366 2555 1406 2612 et
1430 2557 1586 2639 propter
1617 2547 1936 2630 consecutionum

183 2664 412 2767 gravitatem
436 2660 576 2737 deinde
599 2657 719 2732 fuerit
743 2658 947 2745 momenti,
973 2656 1097 2730 cuivis
1124 2655 1339 2756 intelligere
1373 2656 1698 2759 promptilsrmum
1734 2664 1799 2742 est.
1852 2680 1936 2751 Dn-

183 2786 274 2883 plex
297 2781 484 2857 nimirum
509 2777 600 2852 inde
624 2775 857 2850 redundavit
879 2775 923 2848 in
949 2781 1114 2849 Francos
1140 2775 1459 2853 emolumentum.
1498 2780 1673 2857 Primum
1699 2788 1804 2861 enim
1824 2788 1937 2868 simul

183 2926 272 2978 eum
294 2901 372 2975 hoc
398 2897 584 2995 coniugio
609 2893 699 2967 hdei
725 2888 947 2966 christianae
984 2893 1160 2994 cognitio
1186 2897 1363 2991 pervenit
1400 2899 1450 2975 ad
1485 2904 1671 2988 Francost
1711 2906 1816 3004 quod
1848 2937 1937 3009 pro·

180 3040 309 3120 pterea
333 3016 505 3093 maximi·
519 3014 599 3088 fuit
614 3011 817 3100 momenti,
846 3011 964 3109 quod,
992 3036 1081 3086 cum
1107 3038 1242 3092 omnes
1267 3019 1348 3093 sere
1374 3038 1516 3094 ceterae
1543 3040 1686 3120 gentes,
1715 3051 1811 3122 quae
1828 3030 1935 3103 chri·

180 3137 281 3216 llum
307 3151 580 3238 cognoverant,
605 3132 748 3206 Ariana
772 3130 972 3229 pravitate.
1000 3149 1046 3208 ut
1069 3153 1213 3211 vocant
1236 3139 1440 3233 scriptores
1465 3140 1550 3211 Arii
1575 3140 1756 3214 hereticas
1780 3146 1937 3240 opinio·

181 3281 264 3345 nes,
290 3253 445 3330 fixissent
468 3255 650 3339 imbutae,
679 3253 834 3328 Francis
861 3272 995 3328 contra
1020 3249 1146 3330 statim
1169 3256 1217 3328 ab
1243 3255 1361 3329 initio
1388 3252 1559 3331 ecclesiae
1594 3261 1803 3334 catholicae
1828 3290 1935 3360 prae·

183 3393 292 3473 cepta
318 3393 432 3471 atque
456 3376 604 3449 decreta
631 3373 887 3451 tradebantur.
902 3365 935 3464 ³)
990 3374 1177 3472 Quamvis
1205 3391 1333 3447 autem
1360 3372 1480 3449 daeo
1515 3373 1724 3474 disceptare
1763 3399 1861 3457 certe
1885 3385 1936 3457 li·
2085 3444 2098 3453 .

182 3513 275 3581 caat,
304 3494 410 3590 quod
434 3494 495 3568 vir
522 3492 716 3590 quondam
743 3487 976 3566 doctillimus
1004 3493 1071 3566 ch.
1100 3494 1201 3566 Guil.
1229 3497 1364 3567 Franz.
1391 3493 1589 3568 Welchius
1605 3497 1660 3568 in
1677 3494 1932 3578 dissertatione

181 3612 364 3713 singulari
391 3609 623 3686 contendisse
646 3613 818 3697 videtur,
855 3635 956 3682 num
991 3636 1039 3684 ex
1073 3596 1247 3708 politicis
1277 3612 1500 3687 rationibus
1538 3611 1785 3689 Christianam
1820 3618 1934 3695 sidem

184 3730 390 3828 susceperit
411 3729 665 3814 chlodoveus,
674 3721 712 3818 ⁴)
739 3728 850 3802 valde
877 3747 1007 3800 tamen
1033 3729 1232 3826 probabile
1257 3726 1319 3816 esi,
1339 3732 1605 3807 chlodoveum
1631 3732 1932 3813 semalchrislis-

184 3870 281 3919 num
306 3847 471 3929 factuam,
506 3863 698 3944 quantum
723 3871 771 3918 ex
795 3846 866 3919 hac
892 3845 1139 3919 conversione
1164 3848 1207 3918 in
1246 3866 1401 3946 gentem
1435 3848 1542 3923 suam
1577 3851 1788 3926 redundare
1822 3851 1935 3951 pollit

184 3965 441 4054 commodum,
466 3982 567 4041 recte
592 3963 832 4038 intellexisse.
892 3959 1013 4037 Testis
1039 3960 1090 4036 est
1123 3963 1337 4040 chlodovei
1363 3991 1452 4066 erga
1485 3970 1680 4043 Alaricum
1715 3973 1934 4046 Gothorum

182 4105 311 4182 regem
336 4081 503 4178 persidia.
556 4085 732 4158 Alaricus
754 4081 955 4168 nimirum,
982 4087 1217 4156 Francorum
1242 4080 1474 4159 fortitudine
1498 4103 1537 4158 et
1550 4087 1761 4161 chlodovei
1785 4089 1931 4166 vinute
2053 4150 2060 4162 .

182 4199 428 4300 perterritus,
467 4225 557 4275 carm
591 4200 812 4277 chlodoveo
851 4201 898 4274 de
931 4225 1024 4295 pace
1057 4202 1159 4275 inter
1191 4199 1229 4274 se
1263 4203 1519 4278 conservanda
1557 4203 1695 4279 foedus
1730 4205 1880 4281 inierat
1893 4201 1929 4303 ⁸)

182 4321 235 4393 At
260 4317 644 4394 chlodoveus-huius
669 4319 836 4394 foederis
861 4316 1093 4416 religionem
1117 4319 1191 4391 alia
1216 4320 1386 4416 graviori
1419 4320 1608 4418 religione
1642 4322 1808 4419 superari
1847 4327 1934 4423 opi·
1967 4352 1973 4358 ’
2064 4394 2067 4403 .

180 4438 359 4529 nabetur.
413 4440 514 4507 Nam
541 4459 629 4506 cum
655 4437 773 4506 Gothi
798 4436 883 4508 Arii
910 4434 1126 4507 doctrinam
1152 4431 1271 4517 essent
1295 4436 1435 4516 secuti,
1472 4439 1611 4512 Franci
1639 4459 1774 4516 contm
1798 4442 1956 4541 catho-¹

183 4555 255 4627 lica
283 4553 356 4630 fiae
382 4547 558 4636 instituti,
586 4554 829 4631 chlodoveus
854 4552 956 4626 nibil
980 4555 1103 4652 magis
1130 4569 1403 4650 opportunum·
1421 4557 1593 4653 putabat,
1620 4584 1736 4657 quam
1760 4559 1828 4636 sub
1855 4562 1935 4656 spe·

1431 4694 1471 4764 H
1536 4758 1541 4769 .
