4590 5364
986 318 1037 339 ..
1145 295 1344 369 15'...

295 486 421 584 Atque
447 487 555 583 quod
578 484 626 558 ad
650 485 813 559 Maioris
840 486 978 558 domus
1004 479 1229 580 potestatem
1248 485 1447 581 pertinet,
1482 511 1566 559 non
1591 501 1744 560 tantum
1770 513 1817 561 ex
1843 513 1920 585 quo
1948 512 2043 586 gens

297 605 363 678 illa
382 605 613 700 Pippiniana
638 606 713 678 hoc
736 628 896 677 munere
922 620 1055 678 ornata
1082 601 1171 690 fuit,
1198 603 1313 680 hu'ius
1330 584 1586 679 ministerialis
1605 602 1765 700 potestas
1791 606 1892 679 inter
1909 629 2042 679 omnes

283 722 495 820 praecipue
528 721 711 808 eminuit,
738 747 874 796 verum
904 721 1025 811 etiam
1045 721 1123 793 iam
1148 720 1257 815 prius
1284 722 1391 793 etin
1417 722 1565 804 bellum
1591 723 1860 799 emittebantur
1893 742 1931 797 et
1946 722 2042 795 aliis

209 868 244 914 .·
292 837 609 938 praeficiebantur
646 837 849 939 ne'g‘otiis,
874 865 969 937 quae
1004 861 1095 912 cum
1130 835 1373 912 ursticatione
1410 866 1460 913 ne
1498 864 1714 936 comparare
1750 840 1904 937 quidem
1935 842 2037 937 quis·

293 983 408 1060 quam
440 954 571 1054 potest.
619 959 687 1031 ¹Sic
717 958 966 1033 Berthoaldus
998 956 1052 1030 ad
1077 955 1208 1030 liscum
1233 957 1509 1055 inquirendum
1536 957 1747 1043 emittitur3
1762 955 1794 1050 ¹)
1822 958 1924 1057 idem
1949 965 2037 1031 Ber·

290 1077 472 1149 'thealdus
487 1100 576 1148 cum
592 1074 815 1162 Landerico,
838 1072 1137 1148 Neustrasrorum
1157 1077 1301 1148 Maiori
1319 1077 1469 1162 domus,
1498 1100 1670 1176 pugnam
1695 1077 1786 1148 iniit
1795 1103 1808 1161 ς
1819 1069 1854 1167 ²)
1881 1083 2040 1148 Warna·

294 1192 446 1293 charius
466 1193 747 1275 aBrunichildo
766 1186 878 1266 simul
897 1196 985 1267 cum
998 1193 1189 1292 sigiberto
1203 1195 1436 1269 Theoderici
1460 1192 1543 1267 filio
1572 1194 1615 1267 in
1642 1193 1894 1293 Thoringiam
1918 1194 2038 1266 mitti·

290 1329 364 1397 tur,
392 1329 437 1383 ut
468 1328 599 1410 gentes
626 1312 724 1383 ultra
743 1311 920 1383 Rhenum
944 1312 1158 1384 habitantes
1186 1315 1232 1384 ad
1259 1312 1463 1386 seditiones
1492 1311 1713 1394 chlothario
1740 1313 1953 1385 moliendas
1979 1312 2039 1383 in·

292 1430 423 1502 citaret
431 1420 492 1520 3⁸)
530 1445 568 1500 et
602 1452 649 1500 ex
674 1429 908 1527 hoc-genere
934 1429 1056 1500 multa
1082 1430 1155 1501 alia
1181 1430 1420 1504 tradiderunt
1444 1429 1561 1502 nobis
1589 1429 1634 1502 de
1659 1429 1875 1537 Maioribps
1902 1429 2038 1501 domus

289 1546 503 1642 scriptores,
533 1572 552 1618 e
578 1546 717 1643 quibus
746 1545 823 1618 iam
849 1547 894 1618 ab
917 1547 1033 1618 initio
1061 1544 1162 1647 quasi
1191 1548 1367 1620 conditae
1395 1566 1433 1621 et
1458 1543 1640 1621 stabilitae
1660 1543 1859 1644 ,potestatis
1884 1542 2037 1646 vestigia

289 1662 402 1737 facile
439 1665 600 1764 quisque
640 1662 866 1762 cognoscere
892 1661 1024 1758 potest.

1107 1859 1144 1958 §-
1175 1876 1209 1944 7·

389 2045 449 2114 Ex
482 2038 697 2141 Fredegarii
731 2038 922 2129 chronico
948 2037 981 2133 ¹)
1025 2066 1143 2139 porro
1179 2057 1353 2140 apparet,
1393 2066 1536 2116 munus
1572 2043 1736 2134 Maioris
1774 2041 1911 2114 domus
1946 2056 2035 2110 ante
2109 2079 2119 2093 -

285 2159 603 2232 warnacharium
627 2183 711 2232 non
738 2158 930 2234 advitam
956 2161 1028 2232 uni
1043 2161 1254 2257 eodemque
1280 2160 1449 2234 delatum
1475 2158 1610 2248 fuisse,
1646 2159 1709 2235 sed
1735 2156 1901 2233 fortalse.
1923 2158 2033 2228 anni·

117 2264 120 2271 ¹
159 2352 163 2359 ,
283 2276 447 2349 versario
476 2300 627 2374 quoque
652 2294 817 2372 peracto,
843 2278 893 2353 ad
919 2279 1056 2367 alium,
1084 2302 1350 2376 quemcunque
1377 2263 1606 2375 aptissimum
1633 2279 1854 2376 putaverint
1889 2274 2033 2358 leudes,

283 2387 500 2488 pervenisse.
555 2396 669 2489 Quod
694 2393 765 2465 nisr
796 2396 851 2464 ita
889 2392 1027 2476 fuisset,
1063 2420 1146 2465 non
1176 2396 1291 2466 video
1317 2396 1464 2467 causam
1491 2399 1682 2482 idoneam,
1710 2423 1777 2468 cur
1804 2394 2036 2467 Warnatha·

282 2509 363 2579 rius
404 2508 680 2580 sacramentum
710 2533 730 2579 a
755 2508 976 2596 Chlothario
1012 2509 1200 2606 exegerit,
1236 2535 1311 2597 „ne
1341 2536 1513 2609 unquam
1538 2513 1640 2584 vitae
1679 2514 1766 2583 suae
1792 2512 2035 2605 temporibus

284 2624 587 2724 degradaretur.“
639 2631 781 2700 Contra
806 2650 899 2700 vero
928 2626 973 2700 de
996 2626 1182 2727 regalium
1213 2614 1395 2702 villarum
1419 2629 1632 2727 praefecto,
1661 2629 1747 2726 qui,
1775 2629 1880 2726 quod
1904 2652 1970 2724 per
1997 2628 2033 2698 sa

284 2736 438 2829 constat,
466 2745 528 2837 rel
550 2743 595 2816 ab
617 2744 700 2840 ipso
721 2767 831 2844 rege,
868 2744 932 2817 vel
958 2763 1056 2817 certe
1094 2745 1194 2845 regis
1223 2745 1319 2819 iussu
1345 2745 1578 2844 eligebatur,
1613 2744 1838 2819 huiusmodi
1875 2742 2033 2844 lingulis

262 2861 394 2936 annis
418 2861 551 2934 iterata
578 2878 616 2935 et
642 2857 840 2935 r'esiaurata
860 2862 995 2937 electio
1024 2863 1124 2936 hanc
1143 2865 1230 2936 sane
1258 2865 1307 2937 ob
1325 2865 1475 2938 causam
1492 2865 1647 2963 probari
1663 2888 1746 2936 non
1768 2860 1910 2960 potest,
1943 2863 2032 2960 quia

281 2980 333 3053 'ad
361 2982 552 3056 eiusmodi
576 2984 778 3085 negotium
804 2999 903 3057 recte
929 2980 1216 3080 perficiendum,
1245 3007 1321 3080 quo
1350 2985 1436 3082 quis
1464 2984 1705 3087 exercitatior
1733 2979 1805 3070 est,
1834 3008 1880 3056 eo
1908 2983 2033 3079 aptior
2109 2984 2116 2997 '

278 3092 433 3199 quoque
458 3098 660 3175 necessario
688 3099 743 3192 lit,
774 3120 811 3175 et
837 3097 1067 3199 aptissimum
1095 3127 1282 3199 quemque
1310 3103 1501 3198 optimum
1528 3101 1674 3198 semper
1700 3098 1789 3186 esse,
1824 3126 1941 3174 nemo
1968 3097 2030 3186 etl,

279 3218 375 3311 quin
403 3221 597 3292 concedat.
636 3210 749 3318 Quae
769 3244 857 3292 cum
884 3221 937 3292 ita
964 3217 1049 3306 srnt,
1077 3245 1161 3293 non
1187 3217 1337 3316 polium
1373 3244 1456 3293 non
1495 3223 1593 3292 hanc
1628 3221 1674 3291 de
1708 3220 1857 3291 Maiore
1891 3219 2032 3291 domus

275 3334 400 3432 magis
432 3334 613 3411 vetustate
640 3339 925 3436 quodammodo
953 3337 1148 3420 sancitam,
1176 3363 1291 3435 quam
1318 3339 1431 3411 certis
1458 3356 1495 3410 et
1513 3339 1663 3411 idoneis
1680 3337 1916 3437 argumentis
1939 3362 2031 3409 con·

277 3447 466 3525 firmatam
491 3459 605 3552 plane
632 3457 784 3530 reiicere
810 3455 1059 3544 sententiam,
1097 3454 1202 3555 quod
1239 3458 1310 3544 iis,
1346 3480 1441 3554 quae
1478 3457 1661 3529 hactenus
1696 3456 1907 3551 disputavi,
1942 3457 2031 3528 satis

277 3568 535 3666 comprobasse
560 3574 659 3646 mihi
683 3574 828 3648 videor.
878 3576 931 3648 At
954 3601 1047 3649 vero
1074 3576 1173 3650 illud
1200 3576 1288 3649 sane
1313 3574 1514 3651 fatendum
1541 3570 1615 3662 est,
1654 3572 1682 3647 si
1716 3599 1808 3647 vera
1841 3572 1928 3646 esset
1962 3576 2029 3646 illa

279 3686 480 3777 sententia,
508 3691 550 3762 in
578 3715 623 3763 eo
649 3693 749 3763 nihil
777 3690 864 3779 else,
892 3693 934 3765 in
962 3718 1039 3789 quo
1078 3690 1337 3782 offendamus,
1376 3694 1481 3792 quod
1517 3692 1580 3765 hic
1614 3688 2030 3788 ministerialisprima

282 3807 511 3881 conditione
535 3807 679 3898 relicta,
706 3825 816 3884 vetus
842 3833 988 3882 nomen
1014 3827 1143 3884 tamen
1171 3812 1384 3892 retinuerit,
1413 3811 1557 3909 quippe
1584 3835 1673 3884 cunr
1699 3812 1767 3884 alii
1800 3834 1953 3910 quoqne
1983 3836 2030 3880 ex

277 3916 449 3996 vetemur
474 3933 707 4001 Francorum
733 3927 860 4023 pueris
886 3928 1001 4028 regiis
1026 3927 1095 4000 sub
1122 3933 1256 4022 eodem
1282 3931 1446 4002 nomine
1471 3930 1557 4003 aliis
1593 3949 1632 4002 et
1664 3931 1790 4001 multo
1826 3929 2029 3999 altioribus

252 4041 497 4133 *muneribus
524 4065 697 4144 tempore
723 4045 950 4142 procedente
987 4044 1134 4121 fuerint
1161 4050 1299 4122 ornati.
1316 4041 1350 4140 ²)
1404 4049 1526 4146 Atqui
1551 4048 1607 4120 ita
1632 4048 1679 4119 ab
1705 4047 1772 4132 iis,
1798 4045 1867 4142 qui
1893 4048 2028 4145 vulga·

229 4165 353 4243 srem
380 4154 605 4236 sententiam
633 4165 920 4262 comprobatam
956 4167 1187 4254 voluerunt,
1225 4165 1325 4239 mihi
1360 4162 1655 4240 diffentiendum
1690 4162 1762 4237 esse
1795 4166 2027 4261 putaverim,

271 4294 315 4350 ut
339 4275 509 4350 Maiores
536 4281 767 4381 illoslonge
794 4285 901 4369 alios,
930 4308 1047 4383 quam
1072 4284 1265 4358 Maiorem
1291 4284 1429 4370 domus
1456 4285 1610 4356 habitos
1635 4283 1778 4370 velim,
1817 4299 1904 4355 tum
1927 4283 2026 4383 legit

220 4413 223 4417 ’
271 4395 416 4470 'belitae
431 4386 471 4468 et
498 4398 672 4496 Gregorii
699 4403 934 4487 auctoritate,
962 4420 1046 4474 tum
1071 4402 1132 4486 iis,
1147 4428 1256 4500 ,quae
1277 4403 1326 4497 in
1354 4402 1481 4474 Caroli
1496 4400 1636 4499 Magni
1662 4401 1866 4498 capitulari
1885 4399 1932 4474 de
1953 4404 2024 4475 vil·

268 4513 316 4588 lis
344 4512 391 4587 ad
416 4517 583 4592 Maiores
611 4514 794 4613 spectant,
817 4510 903 4593 satis
929 4515 1094 4619 adiutus.
1108 4511 1141 4614 3)
1161 4559 1212 4578 -
1263 4520 1393 4596 Maior
1420 4536 1549 4593 autem
1572 4519 1614 4592 in
1635 4544 1769 4621 regum
1791 4526 2023 4597 Francorum
