4590 5364
806 377 1323 462 '‘t-*14-

272 580 379 653 euim
405 573 569 649 eundem
593 571 839 648 waddonem
859 565 909 666 ιο)
942 595 1027 646 ιιοιι
1063 573 1254 645 Maiorem
1287 564 1452 658 domus,
1479 567 1542 643 sed
1567 568 2028 667 sustentantium
2146 654 2150 661 ι

275 695 432 796 gunthis
459 694 647 788 nominat,
675 689 837 773 addens·
866 689 953 778 „vir
978 691 1079 762 haud
1105 690 1342 798 spernendae
1359 688 1565 784 potentiae
1570 693 1594 732 ‘⁶
1631 683 1793 763 Fortasse
1818 692 1911 766 haec
1939 697 2021 768 sen·
2095 737 2100 743 -

274 815 481 886 tentiamm
505 812 666 883 varietas
694 792 747 880 ita
774 789 959 915 explicari
984 804 1115 905 potest,
1142 827 1187 881 ut
1212 830 1413 904 ponamus,
1440 806 1684 879 Waddonem
1709 832 1793 882 non
1831 810 1906 884 hoc
1938 813 2023 937 ipso
2079 853 2081 858 ·
2172 827 2177 833 '

275 951 470 1025 tempore,
507 954 584 1025 quo
611 905 897 1025 Rigunthem
873 951 916 997 ιιι
943 927 1195 1050 Hispaniam
1195 916 1451 1026 sequebatur,
1488 923 1652 996 Maioris
1691 926 1828 1000 domus
1865 944 2025 1002 munere

274 1045 384 1124 fuisse
411 1060 606 1132 ornatum,
617 1043 750 1117 sed
717 1070 765 1131 er,
795 1069 883 1116 cum
908 1061 1018 1116 antea
1025 1042 1250 1148 aliquando
1277 1042 1409 1114 Maior
1434 1028 1591 1114 domus¹
1599 1039 1745 1124 fuisset,
1777 1043 1854 1118 hoc
1878 1065 2025 1120 nomen
2083 1053 2084 1056 ’

262 1168 321 1237 ιιι)
350 1164 571 1260 aequalibus
598 1179 636 1235 et
663 1187 683 1233 a
711 1163 974 1258 scriptoribus,
1002 1179 1058 1232 ut
1072 1159 1155 1232 lieri
1181 1161 1288 1248 solet,
1305 1161 1475 1236 honoris
1503 1157 1620 1256 quasi
1631 1161 1736 1234 causa
1755 1164 1818 1234 vel
1843 1179 2027 1261 tanquam
2074 1186 2076 1188 ·

277 1286 549 1356 ornamentum
576 1252 769 1353 tributum
795 1275 916 1354 suiffe.
972 1276 1086 1376 Quod
1111 1276 1139 1351 si
1164 1301 1298 1351 verum
1323 1277 1413 1365 fit,
1417 1278 1613 1374 explicare
1640 1303 1793 1377 quoque
1817 1276 2025 1378 possumus,

277 1379 474 1499 quomodo
501 1415 539 1471 et
565 1422 646 1472 cur
659 1402 710 1471 St
738 1397 975 1497 Leodegario
1003 1414 1042 1469 et
1067 1397 1175 1484 aliis,
1215 1398 1262 1470 de
1300 1416 1465 1494 quorum
1499 1396 1661 1469 Maioris
1696 1396 1834 1471 domus
1869 1422 2028 1472 munere

275 1519 379 1607 nihil
404 1519 447 1590 in
482 1514 731 1612 scriptoribus
764 1514 984 1601 invenitur,
1020 1514 1184 1588 nomina
1218 1533 1347 1587 tamen
1385 1512 1586 1594 Mariorum
1619 1512 1757 1590 domus
1788 1513 1924 1611 pasl'mt
1960 1519 2062 1588 tri-t
2156 1516 2165 1535 ⁸

189 1662 192 1670 ’
276 1637 458 1710 buantur.
502 1638 662 1707 Contra
699 1642 790 1705 veto
828 1633 932 1706 idem
964 1630 1171 1705 A'imoinus
1210 1637 1430 1732 Gogon'em‚
1466 1632 1540 1704 cui
1556 1629 1800 1733 Gregorius²
1802 1627 1835 1722 ²)
1874 1636 2029 1707 nutritii
2152 1672 2158 1685 ·

276 1757 375 1855 regis
401 1774 548 1825 nomen
574 1749 725 1833 tribuit,
749 1745 944 1818 historiam
969 1746 1076 1818 istam
1103 1750 1352 1839 epitomatam
1371 1750 1546 1836 secutus,
1570 1742 1621 1840 ¹³)
1659 1749 1852 1823 Maiorem
1890 1753 2029 1824 domus

277 1872 466 1967 appellare
490 1887 574 1938 non
612 1859 853 1936 dubitavit.1
854 1853 892 1952 ⁴)
943 1867 995 1934 Et
1029 1860 1300 1942 wandelinus,
1345 1861 1413 1958 qui
1450 1867 1652 1960 Gogonem
1688 1892 1846 1939 munere
1881 1867 2030 1942 secutus

276 1985 384 2061 suilla
409 2000 593 2070 narratur,
613 1974 664 2072 ¹⁵)
691 1978 800 2052 ficuti
825 1979 904 2075 ipse
931 1985 1040 2078 Gogo
1066 1979 1264 2066 nutritius,
1291 1979 1345 2052 ita
1366 1980 1541 2052 nutritor
1557 1979 1795 2052 Childeberti
1821 1982 1921 2082 regis
1945 2007 2033 2081 per:

276 2107 443 2190 hibetur,
457 2091 507 2191 ¹⁶)
537 2124 653 2197 quem
678 2097 842 2171 Maioris
870 2094 1007 2170 domus
1041 2122 1200 2170 munere
1233 2097 1461 2193 neutiquam
1495 2115 1674 2180 ornatum
1705 2096 1814 2171 fuisse
1849 2100 1940 2175 inde
1973 2106 2030 2176 vi·

278 2213 422 2309 demus}
452 2216 555 2318 quot]
580 2211 664 2312 poll
689 2213 805 2311 ipsius
833 2215 983 2288 obitum
1008 2197 1141 2290 nullus
1179 2216 1222 2288 in
1249 2213 1331 2289 eius
1358 2215 1491 2289 locum
1517 2209 1737 2289 substitutus
1765 2211 1825 2288 est.

924 2421 931 2435 ⁸
976 2425 978 2428 ’
1099 2430 1134 2516 §.
1173 2429 1209 2498 si.

382 2605 463 2672 Iam
488 2619 597 2683 nunc
622 2595 820 2666 videamus
847 2591 945 2662 de”
919 2615 979 2669 us,
1008 2613 1103 2685 quae
1128 2590 1220 2661 huic
1245 2591 1396 2688 vulgari
1421 2591 1500 2664 sere
1527 2595 1573 2666 de
1598 2597 1763 2670 Maioris
1790 2581 1928 2672 domus
1952 2601 2029 2697 pri·
2136 2665 2138 2669 .

281 2741 343 2790 ma
372 2713 597 2786 conditione
623 2707 831 2782 sententiae
856 2731 904 2778 ex
929 2705 1133 2779 serioribus
1159 2707 1482 2827 Merovingorum
1508 2713 1746 2806 temporibus
1776 2717 1943 2789 maxime
1968 2717 2031 2797 ad·-

283 2831 424 2908 versari
449 2830 666 2905 videantur.
711 2830 824 2922 Quae
849 2847 941 2897 vero
967 2825 1031 2898 vel
1057 2842 1198 2922 quanta
1224 2823 1333 2914 sunt,
1361 2850 1456 2924 quae
1482 2852 1530 2898 ex
1555 2823 1707 2902 historia
1733 2828 1917 2919 seriorum
1949 2837 2032 2905 Ma·

281 2955 412 3031 iorum
438 2949 575 3020 domus
602 2943 692 3016 huic
725 2941 771 3015 de
797 2942 933 3039 primis
961 2941 1171 3016 sententiae
1198 2945 1478 3057 aliquantulum
1505 2964 1603 3019 certe
1630 2947 1913 3044 respondeant?
1963 2951 2033 3022 Ni
2076 2960 2089 2969 “

281 3072 339 3143 hil
366 3067 575 3165 quidquam
600 3088 648 3136 ex
673 3062 747 3136 hoc
752 3086 911 3172 genere
936 3058 1123 3136 invenias.
1177 3061 1279 3160 Quid
1305 3062 1411 3135 enim
1437 3063 1563 3136 dicam
1600 3065 1659 3149 de'
1683 3066 1870 3142 electione
1908 3069 2033 3142 Maio-
2080 3138 2084 3143 .

283 3213 370 3265 rum
354 3170 565 3258 domus?
591 3204 709 3278 quam
733 3204 817 3254 non
842 3204 910 3277 per
935 3180 1061 3254 solrun
1087 3204 1225 3280 regem,
1252 3204 1325 3253 nec
1349 3205 1416 3276 per
1442 3182 1593 3285 aliquos
1611 3201 1648 3256 et
1667 3203 1789 3258 certos
1809 3183 2034 3273 eleudibus,

282 3307 345 3381 sed
372 3304 416 3377 ab
445 3298 628 3376 omnibus
653 3297 776 3388 simul,
802 3323 884 3372 uno
911 3299 1006 3386 iure,
1035 3324 1115 3371 uno
1142 3297 1337 3385 consensu,
1357 3323 1437 3371 uno
1465 3296 1566 3397 quasi
1596 3325 1661 3373 ore
1688 3298 1902 3398 institutam
1926 3301 2037 3377 fuisse

285 3423 373 3499 satis
402 3418 556 3494 constat.
585 3417 687 3516 Quid
714 3419 759 3489 de
784 3416 1027 3503 nominibus,
1056 3416 1208 3513 quibus,
1235 3433 1385 3513 praeter
1410 3417 1508 3490 illud
1533 3420 1697 3493 Maioris
1725 3420 1875 3511 domus,
1903 3422 1946 3496 hi
1964 3423 2037 3495 mi·

283 3538 489 3616 nisteriales
517 3544 556 3610 et
582 3536 628 3609 ab
654 3534 772 3608 initio
799 3552 838 3607 et
863 3532 996 3607 seriori
1026 3547 1206 3630 'tempore
1239 3526 1581 3630 praedicabantur?
1659 3540 1761 3637 Quid
1794 3541 1958 3636 donique
1992 3537 2038 3610 de

216 3736 220 3747 ,
287 3661 470 3734 seriorum
494 3657 693 3728 Maiorum
719 3654 856 3726 domus
889 3649 1041 3724 infinita
1070 3671 1107 3723 et
1133 3675 1252 3747 paene
1279 3651 1500 3727 incredibili
1526 3651 1719 3753 potestate,
1749 3684 1845 3754 quae
1870 3657 1932 3728 vel
1958 3675 2037 3731 tur·

276 3766 554 3851 -blrlentisstmis
580 3770 818 3868 temporibus
846 3770 901 3843 ita
926 3787 1082 3867 repente
1108 3787 1238 3841 tamen
1276 3773 1406 3872 augeri
1440 3789 1553 3871 atque
1588 3774 1813 3848 succrescere
1845 3797 1931 3847 non
1968 3801 2037 3873 po-

288 3893 424 3981 tuisset,
452 3887 523 3964 nifi
549 3886 787 3990 principium
813 3889 895 3963 eius
921 3906 959 3961 et
987 3885 1086 3987 quasi
1112 3888 1276 3979 radices,
1304 3890 1348 3960 in
1373 3892 1497 3987 prima
1528 3907 1566 3975 et
1592 3886 1681 3963 tera
1708 3892 1870 3964 Maioris
1898 3891 2036 3967 domus
2070 3938 2075 3946 ·

291 4015 514 4089 conditione
549 4008 836 4109 quodammodo
869 4003 1089 4080 latuissent?
1166 4011 1216 4080 Et
1252 4006 1345 4105 quid
1372 4009 1591 4080 commercii
1624 4008 1806 4082 villarum
1832 4025 1870 4101 et
1899 4012 2037 4086 domus
2094 3987 2115 4028 ²

290 4133 414 4230 regiae
437 4128 651 4224 praefectus
679 4151 768 4200 cum
793 4125 906 4198 rebus
931 4124 1082 4197 bellicis
1109 4125 1244 4196 habere
1269 4149 1440 4221 unquam
1465 4124 1624 4222 potuit?
1646 4121 1721 4200 >vel
1755 4153 1850 4226 quae
1885 4130 1922 4203 ei
1960 4140 2039 4201 eret

292 4275 337 4322 ex
364 4247 475 4320 rebus
502 4245 647 4320 rusticis
674 4237 721 4318 ad
748 4268 807 4318 res
835 4243 1008 4342 publicas
1034 4240 1285 4340 perveniendi
1314 4243 1440 4315 oblata
1467 4240 1638 4318 occafio?
1664 4238 1727 4320 uel
1753 4272 1819 4349 cur
1845 4272 1934 4345 prae
1956 4272 2039 4319 om·

291 4367 406 4470 nibus
432 4366 496 4436 hic
520 4361 787 4437 Ministerialis·
806 4363 951 4462 regiam
975 4357 1198 4458 potestatem
1231 4357 1301 4432 fibi
1333 4359 1531 4434 vindicare
1564 4344 1718 4460 potuit,
1753 4354 1935 4464 siquidem
1971 4365 2039 4437 alii

292 4508 423 4558 aureae
456 4482 515 4554 illi
541 4479 618 4553 sedi
638 4482 763 4554 multo
795 4497 902 4553 erant
926 4481 1125 4575 propiores
1161 4473 1368 4577 dignitate,
1401 4505 1532 4577 ‚quam
1560 4479 1741 4556 villarum
1767 4479 1805 4554 et
1830 4502 2039 4576 puerorum

293 4603 487 4703 regiorum
508 4586 749 4694 praefectus?
776 4602 850 4672 Cur
875 4620 959 4669 non
975 4582 1126 4692 aliquis
1152 4594 1523 4672 ecomitibusteur
1547 4623 1633 4674 non
1661 4596 1903 4708 eDucibus?
1927 4635 2042 4656 -—
